% Encoding: UTF-8

@Book{Wasserman2006,
  title     = {All of Nonparametric Statistics},
  publisher = {Springer-Verlag GmbH},
  year      = {2006},
  author    = {Wasserman, Larry},
  isbn      = {0387251456},
  date      = {2006-12-11},
  ean       = {9780387251455},
  url       = {http://www.ebook.de/de/product/4907730/larry_wasserman_all_of_nonparametric_statistics.html},
}

@Book{Wasserman2013,
  title     = {All of Statistics},
  publisher = {Springer New York},
  year      = {2013},
  author    = {Wasserman, Larry},
  date      = {2013-12-11},
  ean       = {9780387217369},
  url       = {http://www.ebook.de/de/product/25444894/larry_wasserman_all_of_statistics.html},
}

@Book{Draper1998,
  title     = {Applied Regression Analysis},
  publisher = {JOHN WILEY \& SONS INC},
  year      = {1998},
  author    = {Draper, Norman R. and Smith, Harry},
  isbn      = {0471170828},
  date      = {1998-05-13},
  ean       = {9780471170822},
  pagetotal = {736},
  url       = {http://www.ebook.de/de/product/3055944/norman_r_draper_harry_smith_applied_regression_analysis.html},
}

@Article{Chryssolouris1996,
  author    = {G. Chryssolouris and M. Lee and A. Ramsey},
  title     = {Confidence interval prediction for neural network models},
  journal   = {{IEEE} Transactions on Neural Networks},
  year      = {1996},
  volume    = {7},
  number    = {1},
  pages     = {229--232},
  doi       = {10.1109/72.478409},
  publisher = {Institute of Electrical and Electronics Engineers ({IEEE})},
}

@Book{Hastie2009,
  title     = {The Elements of Statistical Learning},
  publisher = {Springer New York},
  year      = {2009},
  author    = {Hastie, Trevor and Tibshirani, Robert and Friedman, Jerome},
  date      = {2009-08-26},
  ean       = {9780387848587},
  url       = {http://www.ebook.de/de/product/12472347/trevor_hastie_robert_tibshirani_jerome_friedman_the_elements_of_statistical_learning.html},
}

@Book{Rasmussen2006,
  title     = {Gaussian Processes for Machine Learning},
  publisher = {MIT University Press Group Ltd},
  year      = {2006},
  author    = {Carl Edward Rasmussen and Christopher K. I. Williams},
  isbn      = {026218253X},
  date      = {2006-01-11},
  ean       = {9780262182539},
  url       = {http://www.ebook.de/de/product/5192092/rasmussen_gaussian_processes_for_machine_learning.html},
}

@Article{Cohn1996,
  author  = {David A. Cohn and Zoubin Ghahramani and Michael I. Jordan},
  title   = {Active Learning with Statistical Models},
  journal = {Journal of Artificial Intelligence Research},
  year    = {1996},
  volume  = {4},
  number  = {1},
  pages   = {129--145},
  url     = {https://wiki.cs.byu.edu/_media/media/nlp/cohnghahramanijordan96.pdf},
}

@Article{Rivas2013,
  author    = {Javier Rivas},
  title     = {Probability matching and reinforcement learning},
  journal   = {Journal of Mathematical Economics},
  year      = {2013},
  volume    = {49},
  number    = {1},
  pages     = {17--21},
  month     = {jan},
  doi       = {10.1016/j.jmateco.2012.09.004},
  publisher = {Elsevier {BV}},
}

@Book{Mikosch1998,
  title     = {Elementary Stochastic Calculus, With Finance in View},
  publisher = {World Scientific Publishing Company},
  year      = {1998},
  author    = {Mikosch, Thomas},
  isbn      = {9810235437},
  date      = {1998-10-30},
  ean       = {9789810235437},
  pagetotal = {226},
  timestamp = {2017-06-12},
  url       = {http://www.ebook.de/de/product/3747379/thomas_mikosch_elementary_stochastic_calculus_with_finance_in_view.html},
}

@Book{Capinski2003,
  title     = {Mathematics for Finance: An Introduction to Financial Engineering},
  publisher = {Springer},
  year      = {2003},
  author    = {Marek Capinski and Tomasz Zastawniak},
  isbn      = {1-85233-330-8},
  timestamp = {2017-06-12},
  url       = {https://www.amazon.com/Mathematics-Finance-Introduction-Engineering-Undergraduate/dp/1852333308?SubscriptionId=0JYN1NVW651KCA56C102&tag=techkie-20&linkCode=xm2&camp=2025&creative=165953&creativeASIN=1852333308},
}

@Book{Calin2015,
  title     = {An Informal Introduction to Stochastic Calculus with Applications},
  publisher = {WORLD SCIENTIFIC PUB CO INC},
  year      = {2015},
  author    = {Calin, Ovidiu},
  isbn      = {9814678937},
  date      = {2015-06-18},
  ean       = {9789814678933},
  pagetotal = {332},
  timestamp = {2017-06-12},
  url       = {http://www.ebook.de/de/product/24340269/ovidiu_calin_an_informal_introduction_to_stochastic_calculus_with_applications.html},
}

@Article{Vanhatalo2013,
  author    = {Jarno Vanhatalo and Jaakko Riihimaki and Jouni Hartikainen and Pasi Jylanki and Ville Tolvanen and Aki Vehtari},
  title     = {GPstuff: Bayesian Modeling with Gaussian Processes},
  journal   = {Journal of Machine Learning Research},
  year      = {2013},
  volume    = {14},
  pages     = {1175--1179},
  timestamp = {2017-06-12},
  url       = {http://www.jmlr.org/papers/v14/vanhatalo13a.html},
}

@Article{Cohn1996a,
  author    = {David A. Cohn},
  title     = {Neural Network Exploration Using Optimal Experiment Design},
  journal   = {Neural Networks},
  year      = {1996},
  volume    = {9},
  number    = {6},
  pages     = {1071--1083},
  month     = {aug},
  doi       = {10.1016/0893-6080(95)00137-9},
  publisher = {Elsevier {BV}},
  timestamp = {2017-06-28},
}

@Article{MacKay1992,
  author    = {David J. C. MacKay},
  title     = {Information-Based Objective Functions for Active Data Selection},
  journal   = {Neural Computation},
  year      = {1992},
  volume    = {4},
  number    = {4},
  pages     = {590--604},
  month     = {jul},
  doi       = {10.1162/neco.1992.4.4.590},
  publisher = {{MIT} Press - Journals},
  timestamp = {2017-06-28},
}

@Book{Ash2008,
  title     = {Basic Probability Theory},
  publisher = {DOVER PUBN INC},
  year      = {2008},
  author    = {Ash, Robert B.},
  isbn      = {0486466280},
  date      = {2008-06-11},
  ean       = {9780486466286},
  pagetotal = {337},
  timestamp = {2017-06-30},
  url       = {http://www.ebook.de/de/product/7101948/robert_b_ash_basic_probability_theory.html},
}

@Book{Taleb2007,
  title     = {The Black Swan: The Impact of the Highly Improbable},
  publisher = {RANDOM HOUSE INC},
  year      = {2007},
  author    = {Taleb, Nassim Nicholas},
  isbn      = {1400063515},
  date      = {2007-04-11},
  ean       = {9781400063512},
  pagetotal = {366},
  timestamp = {2017-07-03},
  url       = {http://www.ebook.de/de/product/5857931/nassim_nicholas_taleb_the_black_swan_the_impact_of_the_highly_improbable.html},
}

@Book{Isaac1995,
  title     = {The Pleasures of Probability},
  publisher = {Springer},
  year      = {1995},
  author    = {Isaac, Richard},
  edition   = {1},
  isbn      = {1461269121},
  date      = {2012-10-21},
  ean       = {9781461269120},
  pagetotal = {264},
  timestamp = {2017-07-03},
  url       = {http://www.ebook.de/de/product/22339602/richard_isaac_the_pleasures_of_probability.html},
}

@Book{Privault2013,
  title     = {Understanding Markov Chains},
  publisher = {Springer Singapore},
  year      = {2013},
  author    = {Privault, Nicolas},
  date      = {2013-08-13},
  ean       = {9789814451512},
  timestamp = {2017-07-03},
  url       = {http://www.ebook.de/de/product/22962097/nicolas_privault_understanding_markov_chains.html},
}

@Book{Tao2012,
  title     = {Topics in Random Matrix Theory},
  publisher = {American Mathematical Society},
  year      = {2012},
  author    = {Terence Tao},
  isbn      = {9780821874301},
  timestamp = {2017-07-03},
  url       = {https://www.amazon.com/Topics-Random-Graduate-Studies-Mathematics/dp/0821874306?SubscriptionId=0JYN1NVW651KCA56C102&tag=techkie-20&linkCode=xm2&camp=2025&creative=165953&creativeASIN=0821874306},
}

@Book{Hajek2015,
  title     = {Random Processes for Engineers},
  publisher = {Cambridge University Press},
  year      = {2015},
  author    = {Hajek, Bruce},
  isbn      = {1107100127},
  date      = {2015-03-12},
  ean       = {9781107100121},
  pagetotal = {432},
  timestamp = {2017-07-03},
  url       = {http://www.ebook.de/de/product/23215340/bruce_hajek_random_processes_for_engineers.html},
}

@Book{Rychlik2006,
  title     = {Probability and Risk Analysis},
  publisher = {Springer},
  year      = {2006},
  author    = {Igor Rychlik and Jesper Ryd√©n},
  isbn      = {3540242236},
  date      = {2006-08-02},
  ean       = {9783540242239},
  pagetotal = {292},
  timestamp = {2017-07-03},
  url       = {http://www.ebook.de/de/product/4019166/igor_rychlik_jesper_ryden_probability_and_risk_analysis.html},
}

@Book{Eckhardt2012,
  title     = {Paradoxes in Probability Theory},
  publisher = {Springer Netherlands},
  year      = {2012},
  author    = {Eckhardt, William},
  date      = {2012-09-26},
  ean       = {9789400751408},
  pagetotal = {79},
  timestamp = {2017-07-03},
  url       = {http://www.ebook.de/de/product/19868971/william_eckhardt_paradoxes_in_probability_theory.html},
}

@Book{Anderson1979,
  title     = {Optimal Filtering},
  publisher = {Prentice Hall},
  year      = {1979},
  author    = {Brian D. O. Anderson},
  isbn      = {0-13-638122-7},
  timestamp = {2017-07-03},
  url       = {https://www.amazon.com/Optimal-Filtering-Prentice-Hall-Information-Sciences/dp/0136381227?SubscriptionId=0JYN1NVW651KCA56C102&tag=techkie-20&linkCode=xm2&camp=2025&creative=165953&creativeASIN=0136381227},
}

@Book{Meyn1996,
  title     = {Markov Chains and Stochastic Stability},
  publisher = {Springer},
  year      = {1996},
  author    = {Sean P. Meyn and Richard L. Tweedie and S.P Meyn and R.L. Tweedie},
  isbn      = {3540198326},
  timestamp = {2017-07-03},
  url       = {https://www.amazon.com/Stochastic-Stability-Communications-Control-Engineering/dp/3540198326?SubscriptionId=0JYN1NVW651KCA56C102&tag=techkie-20&linkCode=xm2&camp=2025&creative=165953&creativeASIN=3540198326},
}

@Book{Taleb2005,
  title     = {Fooled by Randomness: The Hidden Role of Chance in Life and in the Markets},
  publisher = {RANDOM HOUSE INC},
  year      = {2005},
  author    = {Taleb, Nassim Nicholas},
  isbn      = {0812975219},
  date      = {2005-08-11},
  ean       = {9780812975215},
  pagetotal = {316},
  timestamp = {2017-07-03},
  url       = {http://www.ebook.de/de/product/3201750/nassim_nicholas_taleb_fooled_by_randomness_the_hidden_role_of_chance_in_life_and_in_the_markets.html},
}

@Book{Shonkwiler2009,
  title     = {Explorations in Monte Carlo Methods},
  publisher = {Springer},
  year      = {2009},
  author    = {Shonkwiler, Ronald W.},
  isbn      = {038787836X},
  date      = {2009-08-11},
  ean       = {9780387878362},
  timestamp = {2017-07-03},
  url       = {http://www.ebook.de/de/product/8237688/ronald_w_shonkwiler_explorations_in_monte_carlo_methods.html},
}

@Book{Gray2005,
  title     = {An Introduction to Statistical Signal Processing},
  publisher = {CAMBRIDGE UNIV PR},
  year      = {2005},
  author    = {Gray, Robert and Davisson, Lee D. and Davisson, Lee},
  isbn      = {0521838606},
  date      = {2005-02-11},
  ean       = {9780521838603},
  pagetotal = {478},
  timestamp = {2017-07-03},
  url       = {http://www.ebook.de/de/product/3857756/robert_gray_lee_d_davisson_lee_davisson_an_introduction_to_statistical_signal_processing.html},
}

@Book{Woyczynski2010,
  title     = {A First Course in Statistics for Signal Analysis},
  publisher = {Birkh√§user Boston},
  year      = {2010},
  author    = {Wojbor A. Woyczynski},
  isbn      = {0-8176-4398-2},
  timestamp = {2017-07-03},
  url       = {https://www.amazon.com/First-Course-Statistics-Signal-Analysis/dp/0817643982?SubscriptionId=0JYN1NVW651KCA56C102&tag=techkie-20&linkCode=xm2&camp=2025&creative=165953&creativeASIN=0817643982},
}

@Article{Meyer1968,
  author    = {Richard Meyer and John Pratt},
  title     = {The Consistent Assessment and Fairing of Preference Functions},
  journal   = {{IEEE} Transactions on Systems Science and Cybernetics},
  year      = {1968},
  volume    = {4},
  number    = {3},
  pages     = {270--278},
  doi       = {10.1109/tssc.1968.300121},
  publisher = {Institute of Electrical and Electronics Engineers ({IEEE})},
  timestamp = {2017-07-04},
}

@Book{Goodfellow2016,
  title     = {Deep Learning},
  publisher = {The MIT Press},
  year      = {2016},
  author    = {Goodfellow, Ian and Bengio, Yoshua and Courville, Aaron},
  isbn      = {0262035618},
  date      = {2017-01-03},
  ean       = {9780262035613},
  pagetotal = {800},
  timestamp = {2017-07-05},
  url       = {http://www.ebook.de/de/product/26337726/ian_goodfellow_yoshua_bengio_aaron_courville_deep_learning.html},
}

@Book{Lange2010,
  title     = {Applied Probability},
  publisher = {Springer-Verlag GmbH},
  year      = {2010},
  author    = {Lange, Kenneth},
  edition   = {2},
  isbn      = {1441971645},
  date      = {2010-09-11},
  ean       = {9781441971647},
  timestamp = {2017-07-07},
  url       = {http://www.ebook.de/de/product/11729313/kenneth_lange_applied_probability.html},
}

@Book{Lefebvre2006,
  title     = {Applied Probability and Statistics},
  publisher = {Springer},
  year      = {2006},
  author    = {Lefebvre, Mario},
  isbn      = {0387284540},
  date      = {2006-05-04},
  ean       = {9780387284545},
  pagetotal = {380},
  timestamp = {2017-07-07},
  url       = {http://www.ebook.de/de/product/5873477/mario_lefebvre_applied_probability_and_statistics.html},
}

@Book{Montgomery2003,
  title     = {Applied Statistics and Probability for Engineers},
  publisher = {Wiley},
  year      = {2003},
  author    = {Douglas C. Montgomery and George C. Runger},
  edition   = {3},
  isbn      = {0471426822},
  timestamp = {2017-07-07},
  url       = {https://www.amazon.com/Statistics-Probability-Engineers-Workbook-Solutions/dp/0471426822?SubscriptionId=0JYN1NVW651KCA56C102&tag=techkie-20&linkCode=xm2&camp=2025&creative=165953&creativeASIN=0471426822},
}

@Book{Gut2009,
  title     = {An Intermediate Course in Probability},
  publisher = {Springer-Verlag GmbH},
  year      = {2009},
  author    = {Gut, Allan},
  edition   = {2},
  isbn      = {1441901612},
  date      = {2009-06-11},
  ean       = {9781441901613},
  timestamp = {2017-07-07},
  url       = {http://www.ebook.de/de/product/8237690/allan_gut_an_intermediate_course_in_probability.html},
}

@Book{Orfanidis2007,
  title     = {Optimum Signal Processing},
  publisher = {Sophocles J. Orfanidis},
  year      = {2007},
  author    = {Sophocles J. Orfanidis},
  edition   = {2},
  isbn      = {0-9793713-1-7},
  timestamp = {2017-07-07},
  url       = {https://www.amazon.com/Optimum-Signal-Processing/dp/0979371317?SubscriptionId=0JYN1NVW651KCA56C102&tag=techkie-20&linkCode=xm2&camp=2025&creative=165953&creativeASIN=0979371317},
}

@Book{Levin2008,
  title     = {Markov Chains and Mixing Times},
  publisher = {American Mathematical Society},
  year      = {2008},
  author    = {David A. Levin and Yuval Peres and Elizabeth L. Wilmer},
  isbn      = {0821847392},
  timestamp = {2017-07-07},
  url       = {https://www.amazon.com/Markov-Chains-Mixing-Times-David/dp/0821847392?SubscriptionId=0JYN1NVW651KCA56C102&tag=techkie-20&linkCode=xm2&camp=2025&creative=165953&creativeASIN=0821847392},
}

@Book{Klenke2006,
  title     = {Probability Theory},
  publisher = {Springer},
  year      = {2006},
  author    = {Achim Klenke},
  edition   = {1},
  isbn      = {978-1-84800-047-6},
  timestamp = {2017-07-07},
  url       = {https://www.amazon.com/Probability-Theory-Universitext-Achim-Klenke-ebook/dp/B00DZ0NM66?SubscriptionId=0JYN1NVW651KCA56C102&tag=techkie-20&linkCode=xm2&camp=2025&creative=165953&creativeASIN=B00DZ0NM66},
}

@Book{Holicky2013,
  title     = {Introduction to Probability and Statistics for Engineers},
  publisher = {Springer-Verlag GmbH},
  year      = {2013},
  author    = {Holick√Ω, Milan},
  isbn      = {3642382991},
  date      = {2013-08-20},
  ean       = {9783642382994},
  timestamp = {2017-07-07},
  url       = {http://www.ebook.de/de/product/20572684/milan_holicky_introduction_to_probability_and_statistics_for_engineers.html},
}

@Book{Gut2013,
  title     = {Probability: A Graduate Course},
  publisher = {Springer-Verlag GmbH},
  year      = {2013},
  author    = {Gut, Allan},
  isbn      = {1461447070},
  date      = {2012-10-16},
  ean       = {9781461447078},
  timestamp = {2017-07-07},
  url       = {http://www.ebook.de/de/product/19139037/allan_gut_probability_a_graduate_course.html},
}

@Book{Bishop2006,
  title     = {Pattern Recognition and Machine Learning},
  publisher = {Springer-Verlag New York Inc.},
  year      = {2006},
  author    = {Bishop, Christopher M.},
  isbn      = {0387310738},
  date      = {2006-08-17},
  ean       = {9780387310732},
  pagetotal = {738},
  timestamp = {2017-07-19},
  url       = {http://www.ebook.de/de/product/5324937/christopher_m_bishop_pattern_recognition_and_machine_learning.html},
}

@Book{Leon-Garcia2011,
  title     = {Probability, Statistics, and Random Processes For Electrical Engineering},
  publisher = {Pearson},
  year      = {2008},
  author    = {Alberto Leon-Garcia},
  edition   = {3},
  isbn      = {0-13-147122-8},
  timestamp = {2017-07-19},
  url       = {https://www.amazon.com/Probability-Statistics-Processes-Electrical-Engineering-ebook/dp/B00ALTS9TY?SubscriptionId=0JYN1NVW651KCA56C102&tag=techkie-20&linkCode=xm2&camp=2025&creative=165953&creativeASIN=B00ALTS9TY},
}

@Conference{Brochu2007,
  author    = {Eric Brochu and Nando de Freitas and Abhijeet Ghosh},
  title     = {Active Preference Learning with Discrete Choice Data},
  booktitle = {Advances in Neural Information Processing Systems},
  year      = {2007},
  timestamp = {2017-08-13},
  url       = {https://papers.nips.cc/paper/3219-active-preference-learning-with-discrete-choice-data.pdf},
}

@MastersThesis{Ma2014,
  author    = {James Chuanbing Ma},
  title     = {A Guide and Solution Manual to the Elements of Statistical Learning},
  school    = {The University of Georgia},
  year      = {2014},
  type      = {mathesis},
  timestamp = {2017-08-09},
  url       = {http://athenaeum.libs.uga.edu/handle/10724/31470},
}

@InCollection{MacKay1996,
  author    = {David J. C. MacKay},
  title     = {Hyperparameters: Optimize, or Integrate Out?},
  booktitle = {Maximum Entropy and Bayesian Methods},
  publisher = {Springer Netherlands},
  year      = {1996},
  pages     = {43--59},
  doi       = {10.1007/978-94-015-8729-7_2},
  timestamp = {2017-09-04},
}

@PhdThesis{Freitas1999,
  author    = {Joao F. G. de Freitas},
  title     = {Bayesian Methods for Neural Networks},
  school    = {University of Cambridge},
  year      = {1999},
  type      = {phdthesis},
  timestamp = {2017-09-04},
  url       = {http://www.cs.ubc.ca/~nando/papers/thesis.pdf},
}

@Book{Chorin2013,
  title     = {Stochastic Tools in Mathematics and Science},
  publisher = {Springer-Verlag GmbH},
  year      = {2013},
  author    = {Alexandre Chorin and Ole H. Hald},
  isbn      = {1461469791},
  date      = {2013-05-31},
  ean       = {9781461469797},
  timestamp = {2017-09-06},
  url       = {http://www.ebook.de/de/product/20268561/alexandre_chorin_ole_h_hald_stochastic_tools_in_mathematics_and_science.html},
}

@Book{Gianin2013,
  title     = {Mathematical Finance: Theory Review and Exercises},
  publisher = {Springer-Verlag GmbH},
  year      = {2013},
  author    = {Emanuela Rosazza Gianin and Carlo Sgarra},
  isbn      = {3319013564},
  date      = {2013-09-10},
  ean       = {9783319013565},
  timestamp = {2017-09-06},
  url       = {http://www.ebook.de/de/product/20827420/emanuela_rosazza_gianin_carlo_sgarra_mathematical_finance_theory_review_and_exercises.html},
}

@Book{Williams1991,
  title     = {Probability with Martingales},
  publisher = {Cambridge University Pr.},
  year      = {1991},
  author    = {Williams, David},
  isbn      = {0521406056},
  ean       = {9780521406055},
  pagetotal = {272},
  timestamp = {2017-09-26},
  url       = {http://www.ebook.de/de/product/3238882/david_williams_probability_with_martingales.html},
}

@Book{Berlinet2004,
  title     = {Reproducing Kernel Hilbert Spaces in Probability and Statistics},
  publisher = {Springer},
  year      = {2004},
  author    = {Alain Berlinet and Christine Thomas-Agnan},
  isbn      = {1461347920},
  date      = {2012-12-22},
  ean       = {9781461347927},
  pagetotal = {380},
  timestamp = {2017-09-28},
  url       = {http://www.ebook.de/de/product/21347154/alain_berlinet_christine_thomas_agnan_reproducing_kernel_hilbert_spaces_in_probability_and_statistics.html},
}

@Article{Nesterov2015,
  author    = {Yurii Nesterov and Arkadi Nemirovski},
  title     = {Finding the stationary states of Markov chains by iterative methods},
  journal   = {Applied Mathematics and Computation},
  year      = {2015},
  volume    = {255},
  pages     = {58--65},
  month     = {mar},
  doi       = {10.1016/j.amc.2014.04.053},
  publisher = {Elsevier {BV}},
  timestamp = {2017-10-04},
}

@Conference{Bailis2014,
  author    = {Bailis, Panagiotis and Fachantidis, Anestis and Vlahavas, Ioannis},
  title     = {Learning to play Monopoly: A Reinforcement Learning approach},
  booktitle = {50th Anniversary Convention of The Society for the Study of Artificial Intelligence and Simulation of Behaviour},
  year      = {2014},
  url       = {http://lpis.csd.auth.gr/publications/AISB.pdf},
}

@Book{Berger1985,
  title     = {Statistical Decision Theory and Bayesian Analysis},
  publisher = {Springer New York},
  year      = {1985},
  author    = {Berger, James O.},
  edition   = {2},
  isbn      = {1441930744},
  date      = {2010-12-01},
  ean       = {9781441930743},
  pagetotal = {640},
  url       = {http://www.ebook.de/de/product/13905824/james_o_berger_statistical_decision_theory_and_bayesian_analysis.html},
}

@Book{Yates2005,
  title     = {Probability and Stochastic Processes: A Friendly Introduction for Electrical and Computer Engineers},
  publisher = {JOHN WILEY \& SONS INC},
  year      = {2005},
  author    = {Roy D. Yates and David J. Goodman},
  isbn      = {0471272140},
  date      = {2004-05-11},
  ean       = {9780471272144},
  pagetotal = {544},
  url       = {http://www.ebook.de/de/product/4411698/roy_d_yates_david_j_goodman_probability_and_stochastic_processes_a_friendly_introduction_for_electrical_and_computer_engineers.html},
}

@Book{Ljung1999,
  title     = {System Identification},
  publisher = {Prentice Hall},
  year      = {1999},
  author    = {Ljung, Lennart},
  isbn      = {0136566952},
  date      = {1999-09-11},
  ean       = {9780136566953},
  pagetotal = {658},
  url       = {http://www.ebook.de/de/product/3240787/lennart_ljung_system_identification.html},
}

@Conference{Chajewska2001,
  author    = {Chajewska, Urszula and Koller, Daphne and Ormoneit, Dirk},
  title     = {Learning an agent's utility function by observing behavior},
  booktitle = {18th International Conference on Machine Learning},
  year      = {2001},
  url       = {http://ai.stanford.edu/users/koller/Papers/Chajewska+al:ICML01.pdf},
}

@Article{Nielsen2004,
  author    = {Thomas D. Nielsen and Finn V. Jensen},
  title     = {Learning a decision maker's utility function from (possibly) inconsistent behavior},
  journal   = {Artificial Intelligence},
  year      = {2004},
  volume    = {160},
  number    = {1-2},
  pages     = {53--78},
  month     = {dec},
  doi       = {10.1016/j.artint.2004.08.003},
  publisher = {Elsevier {BV}},
}

@Article{Lin2014,
  author    = {L. Lin and D. B. Dunson},
  title     = {Bayesian monotone regression using Gaussian process projection},
  journal   = {Biometrika},
  year      = {2014},
  volume    = {101},
  number    = {2},
  pages     = {303--317},
  month     = {feb},
  doi       = {10.1093/biomet/ast063},
  publisher = {Oxford University Press ({OUP})},
}

@Conference{Riihimaeki2010,
  author    = {Riihim{\"a}ki, Jaakko and Vehtari, Aki},
  title     = {Gaussian processes with monotonicity information},
  booktitle = {International Conference on Artificial Intelligence and Statistics},
  year      = {2010},
  abstract  = {Discovery: Searching for monotonic Gaussian Processes},
  url       = {http://proceedings.mlr.press/v9/riihimaki10a/riihimaki10a.pdf},
}

@MastersThesis{Tolvanen2014,
  author = {Ville Tolvanen},
  title  = {Gaussian Processes with Monotonicity Constraint for Big Data},
  school = {Aalto University},
  year   = {2014},
  type   = {mathesis},
  url    = {https://aaltodoc.aalto.fi/bitstream/handle/123456789/13596/master_Tolvanen_Ville_2014.pdf?sequence=1},
}

@Conference{Chu2005,
  author    = {Chu, Wei and Ghahramani, Zoubin},
  title     = {Preference learning with Gaussian processes},
  booktitle = {22nd International Conference on Machine Learning},
  year      = {2005},
  abstract  = {Discovery: Searching for preference learning},
  url       = {http://mlg.eng.cam.ac.uk/zoubin/papers/icml05chuwei-pl.pdf},
}

@PhdThesis{Kotlowski2008,
  author = {Wojciech Kot≈Çowski},
  title  = {Statistical Approach to Ordinal Classification with Monotonicity Constraints},
  school = {Pozna≈Ñ University of Technology},
  year   = {2008},
  url    = {http://www.cs.put.poznan.pl/wkotlowski/research/kotlowski_phd.pdf},
}

@Conference{Barile2012,
  author    = {Nicola Barile and Ad Feelders},
  title     = {Active Learning with Monotonicity Constraints},
  booktitle = {{SIAM} International Conference on Data Mining},
  year      = {2012},
  pages     = {756--767},
  month     = {apr},
  publisher = {Society for Industrial and Applied Mathematics},
  doi       = {10.1137/1.9781611972825.65},
}

@TechReport{Soons2014,
  author      = {Pieter Soons and Ad Feelders},
  title       = {Exploiting Monotonicity Constraints in Active Learning for Ordinal Classification},
  institution = {Utrecht University},
  year        = {2014},
  url         = {https://dspace.library.uu.nl/bitstream/handle/1874/306343/2014_001.pdf?sequence=1},
}

@PhdThesis{Agarwal2005,
  author = {Shivani Agarwal},
  title  = {A Study of the Bipartite Ranking Problem in Machine Learning},
  school = {University of Illinois at Urbana-Champaign},
  year   = {2005},
  url    = {https://www.ideals.illinois.edu/bitstream/handle/2142/10988/A%20Study%20of%20the%20Bipartite%20Ranking%20Problem%20in%20Machine%20Learning.pdf?sequence=2&isAllowed=y},
}

@InCollection{Fuernkranz2010,
  author    = {Johannes F√ºrnkranz and Eyke H√ºllermeier},
  title     = {Preference Learning: An Introduction},
  booktitle = {Preference Learning},
  publisher = {Springer Berlin Heidelberg},
  year      = {2010},
  pages     = {1--17},
  doi       = {10.1007/978-3-642-14125-6_1},
}

@Article{Manton2015,
  author    = {Jonathan H. Manton and Pierre-Olivier Amblard},
  title     = {A Primer on Reproducing Kernel Hilbert Spaces},
  journal   = {Foundations and Trends{\textregistered} in Signal Processing},
  year      = {2015},
  volume    = {8},
  number    = {1-2},
  pages     = {1--126},
  doi       = {10.1561/2000000050},
  publisher = {Now Publishers},
}

@Book{Grinstead2009,
  title     = {Grinstead and Snell's Introduction to Probability},
  publisher = {ORANGE GROVE TEXTS},
  year      = {2009},
  author    = {Grinstead, Charles M.},
  isbn      = {161610046X},
  date      = {2009-09-11},
  ean       = {9781616100469},
  pagetotal = {510},
  url       = {http://www.ebook.de/de/product/20326853/charles_m_grinstead_grinstead_and_snell_s_introduction_to_probability.html},
}

@Conference{Minka2001,
  author    = {Minka, Thomas P},
  title     = {Expectation propagation for approximate Bayesian inference},
  booktitle = {Seventeenth Conference on Uncertainty in Artificial Intelligence},
  year      = {2001},
  url       = {https://www-users.cs.umn.edu/~baner029/Teaching/Fall07/papers/minka-ep-uai.pdf},
}

@PhdThesis{Frigola-Alcalde2015,
  author = {Roger Frigola-Alcalde},
  title  = {Bayesian Time Series Learning with Gaussian Processes},
  school = {University of Cambridge},
  year   = {2015},
  url    = {http://www.rogerfrigola.com/doc/thesis.pdf},
}

@Article{Owen1980,
  author    = {D. B. Owen},
  title     = {A table of normal integrals},
  journal   = {Communications in Statistics - Simulation and Computation},
  year      = {1980},
  volume    = {9},
  number    = {4},
  pages     = {389--419},
  month     = {jan},
  doi       = {10.1080/03610918008812164},
  publisher = {Informa {UK} Limited},
}

@Book{Murphy2012,
  title     = {Machine Learning: A Probabilistic Perspective},
  publisher = {MIT Press Ltd},
  year      = {2012},
  author    = {Murphy, Kevin P.},
  isbn      = {0262018020},
  date      = {2012-08-24},
  ean       = {9780262018029},
  pagetotal = {1104},
  url       = {http://www.ebook.de/de/product/19071158/kevin_p_murphy_machine_learning.html},
}

@Article{Holgate1964,
  author    = {P. Holgate},
  title     = {Estimation for the Bivariate Poisson Distribution},
  journal   = {Biometrika},
  year      = {1964},
  volume    = {51},
  number    = {1/2},
  pages     = {241},
  month     = {jun},
  doi       = {10.2307/2334210},
  publisher = {{JSTOR}},
}

@Article{Lakshminarayana1999,
  author    = {J. Lakshminarayana and S.N.N. Pandit and K. Srinivasa Rao},
  title     = {On a bivariate poisson distribution},
  journal   = {Communications in Statistics - Theory and Methods},
  year      = {1999},
  volume    = {28},
  number    = {2},
  pages     = {267--276},
  month     = {jan},
  doi       = {10.1080/03610929908832297},
  publisher = {Informa {UK} Limited},
}

@Article{Famoye2010,
  author    = {Felix Famoye},
  title     = {A new bivariate generalized Poisson distribution},
  journal   = {Statistica Neerlandica},
  year      = {2010},
  volume    = {64},
  number    = {1},
  pages     = {112--124},
  month     = {feb},
  doi       = {10.1111/j.1467-9574.2009.00446.x},
  publisher = {Wiley-Blackwell},
}

@Book{Bertsekas2008,
  title     = {Introduction to Probability},
  publisher = {Athena Scientific},
  year      = {2008},
  author    = {Dimitri P. Bertsekas and John N. Tsitsiklis},
  edition   = {2},
  isbn      = {978-1-886529-23-6},
  url       = {https://www.amazon.com/Introduction-Probability-2nd-Dimitri-Bertsekas/dp/188652923X?SubscriptionId=0JYN1NVW651KCA56C102&tag=techkie-20&linkCode=xm2&camp=2025&creative=165953&creativeASIN=188652923X},
}

@Book{Kocherlakota1992,
  title     = {Bivariate Discrete Distributions},
  publisher = {CRC Press},
  year      = {1992},
  author    = {Kocherlakota and Kocherlakota},
  isbn      = {0-8247-8702-1},
  url       = {https://www.amazon.com/Bivariate-Discrete-Distributions-Statistics-Monographs/dp/0824787021?SubscriptionId=0JYN1NVW651KCA56C102&tag=techkie-20&linkCode=xm2&camp=2025&creative=165953&creativeASIN=0824787021},
}

@Book{Tarantola2005,
  title     = {Inverse Problem Theory and Methods for Model Paramenter Estimation},
  publisher = {CAMBRIDGE UNIV PR},
  year      = {2005},
  author    = {Tarantola, Albert},
  isbn      = {0898715725},
  date      = {2005-01-11},
  ean       = {9780898715729},
  pagetotal = {342},
  url       = {http://www.ebook.de/de/product/12013271/albert_tarantola_inverse_problem_theory_and_methods_for_model_paramenter_estimation.html},
}

@Book{Thrun2005,
  title     = {Probabilistic Robotics},
  publisher = {The MIT Press},
  year      = {2005},
  author    = {Thrun, Sebastian and Burgard, Wolfram and Fox, Dieter},
  isbn      = {0262201623},
  date      = {2005-10-11},
  ean       = {9780262201629},
  pagetotal = {668},
  url       = {http://www.ebook.de/de/product/3701211/sebastian_thrun_wolfram_burgard_dieter_fox_probabilistic_robotics.html},
}

@InCollection{Murphy2001,
  author    = {Kevin Murphy and Stuart Russell},
  title     = {Rao-Blackwellised Particle Filtering for Dynamic Bayesian Networks},
  booktitle = {Sequential Monte Carlo Methods in Practice},
  publisher = {Springer New York},
  year      = {2001},
  pages     = {499--515},
  doi       = {10.1007/978-1-4757-3437-9_24},
}

@Conference{Doucet2000,
  author    = {Arnaud Doucet and Nando de Freitas and Kevin Murphy and Stuart Russell},
  title     = {Rao-Blackwellised Particle Filtering for Dynamic Bayesian Networks},
  booktitle = {Sixteenth Conference on Uncertainty in Artificial Intelligence},
  year      = {2000},
  url       = {https://arxiv.org/ftp/arxiv/papers/1301/1301.3853.pdf},
}

@Article{Doucet2001,
  author    = {A. Doucet and N.J. Gordon and V. Kroshnamurthy},
  title     = {Particle filters for state estimation of jump Markov linear systems},
  journal   = {{IEEE} Transactions on Signal Processing},
  year      = {2001},
  volume    = {49},
  number    = {3},
  pages     = {613--624},
  month     = {mar},
  doi       = {10.1109/78.905890},
  publisher = {Institute of Electrical and Electronics Engineers ({IEEE})},
}

@Book{Hamming1991,
  title     = {The Art of Probability: For Scientists and Engineers},
  publisher = {Basic Books},
  year      = {1991},
  author    = {Richard W. Hamming},
  isbn      = {0-201-51058-8},
  url       = {https://www.amazon.com/Art-Probability-Scientists-Engineers/dp/0201510588?SubscriptionId=0JYN1NVW651KCA56C102&tag=techkie-20&linkCode=xm2&camp=2025&creative=165953&creativeASIN=0201510588},
}

@Book{Sarkka2013,
  title     = {Bayesian Filtering and Smoothing},
  publisher = {Cambridge University Press},
  year      = {2013},
  author    = {Sarkka, Simo},
  isbn      = {1107619289},
  date      = {2013-09-05},
  ean       = {9781107619289},
  pagetotal = {252},
  url       = {http://www.ebook.de/de/product/20839036/simo_sarkka_bayesian_filtering_and_smoothing.html},
}

@Book{Epstein2012,
  title     = {The Theory of Gambling and Statistical Logic, Second Edition},
  publisher = {Academic Press},
  year      = {2012},
  author    = {Richard A. Epstein},
  isbn      = {978-0-12-397857-8},
  url       = {https://www.amazon.com/Theory-Gambling-Statistical-Logic-Second/dp/0123978572?SubscriptionId=0JYN1NVW651KCA56C102&tag=techkie-20&linkCode=xm2&camp=2025&creative=165953&creativeASIN=0123978572},
}

@Book{Mosteller1987,
  title     = {Fifty Challenging Problems in Probability with Solutions},
  publisher = {Dover Publications Inc.},
  year      = {1987},
  author    = {Mosteller, Frederick},
  isbn      = {0486653552},
  date      = {1987-05-01},
  ean       = {9780486653556},
  pagetotal = {88},
  url       = {http://www.ebook.de/de/product/3303097/frederick_mosteller_fifty_challenging_problems_in_probability_with_solutions.html},
}

@Book{Kollar2009,
  title     = {Probabilistic Graphical Models},
  publisher = {The MIT Press},
  year      = {2009},
  author    = {Daphne Kollar and Nir Friedman},
  isbn      = {0262013193},
  date      = {2011-08-08},
  ean       = {9780262013192},
  pagetotal = {1208},
  url       = {http://www.ebook.de/de/product/8474860/daphne_kollar_nir_friedman_probabilistic_graphical_models.html},
}

@Book{Ross2009,
  title     = {Introduction to Probability and Statistics for Engineers and Scientists},
  publisher = {Academic Press},
  year      = {2009},
  author    = {Sheldon M. Ross},
  edition   = {4},
  isbn      = {978-0-12-370483-2},
  url       = {https://www.amazon.com/Introduction-Probability-Statistics-Engineers-Scientists/dp/0123704839?SubscriptionId=0JYN1NVW651KCA56C102&tag=techkie-20&linkCode=xm2&camp=2025&creative=165953&creativeASIN=0123704839},
}

@Book{Walpole2011,
  title     = {Probability and Statistics for Engineers and Scientists},
  publisher = {Pearson},
  year      = {2011},
  author    = {Ronald E. Walpole and Raymond H. Myers and Sharon L. Myers and Keying E. Ye},
  edition   = {9},
  isbn      = {978-0-321-62911-1},
  url       = {https://www.amazon.com/Probability-Statistics-Engineers-Scientists-9th/dp/0321629116?SubscriptionId=0JYN1NVW651KCA56C102&tag=techkie-20&linkCode=xm2&camp=2025&creative=165953&creativeASIN=0321629116},
}

@Article{Andrieu2003,
  author    = {Christophe Andrieu and Nando de Freitas and Arnaud Doucet and Michael I. Jordan},
  title     = {An Introduction to MCMC for Machine Learning},
  journal   = {Machine Learning},
  year      = {2003},
  volume    = {50},
  number    = {1/2},
  pages     = {5--43},
  doi       = {10.1023/a:1020281327116},
  publisher = {Springer Nature},
}

@Article{Lee1999,
  author    = {Alan Lee},
  title     = {Modelling rugby league data viabivariate negative binomial regression},
  journal   = {Australian \& New Zealand Journal of Statistics},
  year      = {1999},
  volume    = {41},
  number    = {2},
  pages     = {141--152},
  month     = {jun},
  doi       = {10.1111/1467-842x.00070},
  publisher = {Wiley-Blackwell},
}

@MastersThesis{Drazek2013,
  author = {Ludwik Czeslaw Drazek},
  title  = {Intensity estimation for Poisson processes},
  school = {The University of Leeds},
  year   = {2013},
  type   = {mathesis},
  url    = {https://www1.maths.leeds.ac.uk/~voss/projects/2012-Poisson/Drazek.pdf},
}

@Article{Baker2014,
  author    = {Rose D. Baker and Ian G. McHale},
  title     = {A dynamic paired comparisons model: Who is the greatest tennis player?},
  journal   = {European Journal of Operational Research},
  year      = {2014},
  volume    = {236},
  number    = {2},
  pages     = {677--684},
  month     = {jul},
  doi       = {10.1016/j.ejor.2013.12.028},
  publisher = {Elsevier {BV}},
}

@Article{Stern1990,
  author    = {Hal Stern},
  title     = {A continuum of paired comparisons models},
  journal   = {Biometrika},
  year      = {1990},
  volume    = {77},
  number    = {2},
  pages     = {265--273},
  doi       = {10.1093/biomet/77.2.265},
  publisher = {Oxford University Press ({OUP})},
}

@Conference{Gardner2017,
  author    = {Andrew Gardner and Christian A. Duncan and Jinko Kanno and Rastko R. Selmic},
  title     = {Estimating the distribution of unlabeled, correlated point sets},
  booktitle = {{IEEE} 56th Annual Conference on Decision and Control ({CDC})},
  year      = {2017},
  month     = {dec},
  publisher = {{IEEE}},
  doi       = {10.1109/cdc.2017.8263872},
}

@Conference{Huang2017,
  author    = {Minyi Huang and Yan Ma},
  title     = {Mean field stochastic games with binary actions: Stationary threshold policies},
  booktitle = {{IEEE} 56th Annual Conference on Decision and Control ({CDC})},
  year      = {2017},
  month     = {dec},
  publisher = {{IEEE}},
  doi       = {10.1109/cdc.2017.8263638},
}

@Conference{Zhang2017,
  author    = {Qing Zhang and Caojin Zhang and George Yin},
  title     = {Near-optimal stopping rules for two-time-scale Markovian systems},
  booktitle = {{IEEE} 56th Annual Conference on Decision and Control ({CDC})},
  year      = {2017},
  month     = {dec},
  publisher = {{IEEE}},
  doi       = {10.1109/cdc.2017.8263729},
}

@Conference{Bensoussan2017,
  author    = {Alain Bensoussan and Boualem Djehiche and Hamidou Tembine and Phillip Yam},
  title     = {Risk-sensitive mean-field-type control},
  booktitle = {{IEEE} 56th Annual Conference on Decision and Control ({CDC})},
  year      = {2017},
  month     = {dec},
  publisher = {{IEEE}},
  doi       = {10.1109/cdc.2017.8263639},
}

@Conference{Firoozi2017,
  author    = {Dena Firoozi and Peter E. Caines},
  title     = {An optimal execution problem in finance targeting the market trading speed: An {MFG} formulation},
  booktitle = {{IEEE} 56th Annual Conference on Decision and Control ({CDC})},
  year      = {2017},
  month     = {dec},
  publisher = {{IEEE}},
  doi       = {10.1109/cdc.2017.8263635},
}

@Conference{Yang2017,
  author    = {Chao Yang and Mrinal Kumar},
  title     = {On the transient performance of Monte Carlo simulations for initial uncertainty forecasting},
  booktitle = {{IEEE} 56th Annual Conference on Decision and Control ({CDC})},
  year      = {2017},
  month     = {dec},
  publisher = {{IEEE}},
  doi       = {10.1109/cdc.2017.8263890},
}

@Conference{Cong2017,
  author    = {Xinrong Cong and Lei Guo},
  title     = {{PID} control for a class of nonlinear uncertain stochastic systems},
  booktitle = {{IEEE} 56th Annual Conference on Decision and Control ({CDC})},
  year      = {2017},
  month     = {dec},
  publisher = {{IEEE}},
  doi       = {10.1109/cdc.2017.8263728},
}

@Conference{Charalambous2017,
  author    = {Charalambos D. Charalambous and Christos K. Kourtellaris and Ioannis Tzortzis},
  title     = {Hierarchical decomposition of optimal control and information strategies in control-coding capacity of stochastic systems},
  booktitle = {{IEEE} 56th Annual Conference on Decision and Control ({CDC})},
  year      = {2017},
  month     = {dec},
  publisher = {{IEEE}},
  doi       = {10.1109/cdc.2017.8263637},
}

@Conference{Formentin2017,
  author    = {Simone Formentin and Simone Garatti and Marco C. Campi and Sergio M. Savaresi},
  title     = {Tuning regularization via scenario optimization},
  booktitle = {{IEEE} 56th Annual Conference on Decision and Control ({CDC})},
  year      = {2017},
  month     = {dec},
  publisher = {{IEEE}},
  doi       = {10.1109/cdc.2017.8263732},
}

@Conference{Feinberg2017,
  author    = {Eugene A. Feinberg and Yan Liang},
  title     = {On the average-cost optimality equations and convergence of discounted-cost relative value functions for inventory control problems with quasiconvex cost functions},
  booktitle = {{IEEE} 56th Annual Conference on Decision and Control ({CDC})},
  year      = {2017},
  month     = {dec},
  publisher = {{IEEE}},
  doi       = {10.1109/cdc.2017.8263733},
}

@Conference{Raghavan2017,
  author    = {Aneesh Raghavan and John S Baras},
  title     = {Collaborative sequential detection of Gaussian models from observed data and the value of information exchanged},
  booktitle = {{IEEE} 56th Annual Conference on Decision and Control ({CDC})},
  year      = {2017},
  month     = {dec},
  publisher = {{IEEE}},
  doi       = {10.1109/cdc.2017.8263636},
}

@Conference{Rafieisakhaei2017,
  author    = {Mohammadhussein Rafieisakhaei and Suman Chakravorty and P. R. Kumar},
  title     = {A near-optimal decoupling principle for nonlinear stochastic systems arising in robotic path planning and control},
  booktitle = {{IEEE} 56th Annual Conference on Decision and Control ({CDC})},
  year      = {2017},
  month     = {dec},
  publisher = {{IEEE}},
  doi       = {10.1109/cdc.2017.8263634},
}

@Conference{Jafari2017,
  author    = {Saeid Jafari and Ketan Savla},
  title     = {On the optimal control of a class of degradable systems modeled by semi-Markov jump linear systems},
  booktitle = {{IEEE} 56th Annual Conference on Decision and Control ({CDC})},
  year      = {2017},
  month     = {dec},
  publisher = {{IEEE}},
  doi       = {10.1109/cdc.2017.8263841},
}

@Conference{Burks2017,
  author    = {Luke Burks and Nisar Ahmed},
  title     = {Optimal continuous state {POMDP} planning with semantic observations},
  booktitle = {{IEEE} 56th Annual Conference on Decision and Control ({CDC})},
  year      = {2017},
  month     = {dec},
  publisher = {{IEEE}},
  doi       = {10.1109/cdc.2017.8263866},
}

@MastersThesis{Menke2012,
  author = {Henning Menke},
  title  = {Introduction to the Kalman: Applications in Economics},
  school = {Universidade de Sao Paulo},
  year   = {2012},
  type   = {resreport},
  url    = {https://www.ime.usp.br/~tonelli/TCC/Henning-Menke-2012.pdf},
}

@Book{Soederstroem2002,
  title     = {Discrete-Time Stochastic Systems},
  publisher = {Springer-Verlag GmbH},
  year      = {2002},
  author    = {S√∂derstr√∂m, T.},
  isbn      = {978-1-85233-649-3},
  date      = {2002-07-26},
  ean       = {9781852336493},
  url       = {http://www.ebook.de/de/product/4270796/t_soederstroem_discrete_time_stochastic_systems.html},
}

@Book{Bertsekas1996,
  title     = {Neuro-Dynamic Programming},
  publisher = {Athena Scientific},
  year      = {1996},
  author    = {Dimitri P. Bertsekas and John N. Tsitsiklis and John Tsitsiklis and Dimitri P. Bertsekas and John Tsitsiklis and John N. Tsitsiklis},
  volume    = {3},
  series    = {Optimization and Neural Computation Series},
  isbn      = {1-886529-10-8},
  url       = {https://www.amazon.com/Neuro-Dynamic-Programming-Optimization-Neural-Computation/dp/1886529108%3FSubscriptionId%3D0JYN1NVW651KCA56C102%26tag%3Dtechkie-20%26linkCode%3Dxm2%26camp%3D2025%26creative%3D165953%26creativeASIN%3D1886529108},
}

@Article{Cybenko1989,
  author    = {G. Cybenko},
  title     = {Approximation by superpositions of a sigmoidal function},
  journal   = {Mathematics of Control, Signals, and Systems},
  year      = {1989},
  volume    = {2},
  number    = {4},
  pages     = {303--314},
  month     = {dec},
  abstract  = {In this paper we demonstrate that finite linear combinations of compositions of a fixed, univariate function and a set of affine functionals can uniformly approximate any continuous function ofn real variables with support in the unit hypercube; only mild conditions are imposed on the univariate function. Our results settle an open question about representability in the class of single hidden layer neural networks. In particular, we show that arbitrary decision regions can be arbitrarily well approximated by continuous feedforward neural networks with only a single internal, hidden layer and any continuous sigmoidal nonlinearity. The paper discusses approximation properties of other possible types of nonlinearities that might be implemented by artificial neural networks.},
  doi       = {10.1007/bf02551274},
  keywords  = {Neural networks Approximation Completeness},
  publisher = {Springer Nature},
}

@Book{Elliott2008,
  title     = {Hidden Markov Models: Estimation and Control},
  publisher = {SPRINGER VERLAG GMBH},
  year      = {2008},
  author    = {Elliott, Robert J. and Aggoun, Lakhdar and Moore, John B.},
  isbn      = {0387943641},
  date      = {2008-12-08},
  ean       = {9780387943640},
  pagetotal = {382},
  url       = {http://www.ebook.de/de/product/3716807/robert_j_elliott_lakhdar_aggoun_john_b_moore_hidden_markov_models_estimation_and_control.html},
}

@Conference{Ford2016,
  author    = {Jason J. Ford},
  title     = {An optimal linear prediction filter for discrete-time linear additive hybrid systems},
  booktitle = {Australian Control Conference ({AuCC})},
  year      = {2016},
  month     = nov,
  publisher = {{IEEE}},
  doi       = {10.1109/aucc.2016.7868189},
  url       = {http://ieeexplore.ieee.org/document/7868189/},
}

@Conference{Molloy2016,
  author    = {Timothy L. Molloy},
  title     = {Asymptotic quickest change detection and isolation with polynomial delay penalties},
  booktitle = {Australian Control Conference ({AuCC})},
  year      = {2016},
  month     = nov,
  publisher = {{IEEE}},
  doi       = {10.1109/aucc.2016.7868188},
  url       = {http://ieeexplore.ieee.org/document/7868188/},
}

@Conference{Carvajal2016,
  author    = {Rodrigo Carvajal and Gabriel Urrutia and Juan C. Aguero},
  title     = {An optimization-based algorithm for model selection using an approximation of Akaike's Information Criterion},
  booktitle = {Australian Control Conference ({AuCC})},
  year      = {2016},
  month     = nov,
  publisher = {{IEEE}},
  doi       = {10.1109/aucc.2016.7868191},
  url       = {http://ieeexplore.ieee.org/document/7868191/},
}

@Conference{Zhao2016,
  author    = {Wenxiao Zhao and Han-Fu Chen and Er-Wei Bai and Kang Li},
  title     = {Strong consistency of kernel-based local variable selection for nonlinear nonparametric systems},
  booktitle = {Australian Control Conference ({AuCC})},
  year      = {2016},
  month     = nov,
  publisher = {{IEEE}},
  doi       = {10.1109/aucc.2016.7868192},
  url       = {http://ieeexplore.ieee.org/document/7868192/},
}

@Conference{Lian2016,
  author    = {Yanbo Lian and Zhihao Luo and Erik Weyer and Girish N. Nair},
  title     = {Parameter estimation with binary observations of input and output signals},
  booktitle = {Australian Control Conference ({AuCC})},
  year      = {2016},
  month     = nov,
  publisher = {{IEEE}},
  doi       = {10.1109/aucc.2016.7868193},
  url       = {http://ieeexplore.ieee.org/document/7868193/},
}

@Conference{Allende-Bustamante2016,
  author    = {Jose L. Allende-Bustamante and Juan I. Yuz and Juan Rodo},
  title     = {Application of point processes estimation to a Metro system},
  booktitle = {Australian Control Conference ({AuCC})},
  year      = {2016},
  month     = nov,
  publisher = {{IEEE}},
  doi       = {10.1109/aucc.2016.7868194},
  url       = {http://ieeexplore.ieee.org/document/7868194/},
}

@Book{Klaassen2014,
  title     = {Analyzing Wimbledon: The Power of Statistics},
  publisher = {Oxford University Press},
  year      = {2014},
  author    = {Franc Klaassen and Jan R. Magnus},
  isbn      = {978-0-19-935595-2},
  url       = {https://www.amazon.com/Analyzing-Wimbledon-Statistics-Franc-Klaassen/dp/0199355959?SubscriptionId=0JYN1NVW651KCA56C102&tag=techkie-20&linkCode=xm2&camp=2025&creative=165953&creativeASIN=0199355959},
}

@MastersThesis{Sipko2015,
  author = {Michal Sipko},
  title  = {Machine Learning for the Prediction of Professional Tennis Matches},
  school = {Imperial College London},
  year   = {2015},
  type   = {mathesis},
  url    = {https://www.doc.ic.ac.uk/teaching/distinguished-projects/2015/m.sipko.pdf},
}

@Conference{Kovalchik2016,
  author    = {Stephanie Kovalchik and Martin Ingram},
  title     = {Hot heads, cool heads, and tacticians: Measuring the mental game in tennis},
  booktitle = {MIT Sloan Sports Analytics Conference},
  year      = {2016},
  url       = {http://www.sloansportsconference.com/wp-content/uploads/2016/02/1464-Hot-heads-cool-heads-and-tacticians.pdf},
}

@Article{Carreau2011,
  author    = {Julie Carreau and Mathieu Vrac},
  title     = {Stochastic downscaling of precipitation with neural network conditional mixture models},
  journal   = {Water Resources Research},
  year      = {2011},
  volume    = {47},
  number    = {10},
  month     = {oct},
  doi       = {10.1029/2010wr010128},
  publisher = {Wiley-Blackwell},
}

@Book{Bertsekas2007,
  title     = {Stochastic Optimal Control: The Discrete-Time Case},
  publisher = {Athena Scientific},
  year      = {2007},
  author    = {Dimitri P. Bertsekas and Steven E. Shreve},
  series    = {Optimization and Neural Computation Series},
  isbn      = {1-886529-03-5},
  url       = {https://www.amazon.com/Stochastic-Optimal-Control-Discrete-Time-Optimization/dp/1886529035%3FSubscriptionId%3D0JYN1NVW651KCA56C102%26tag%3Dtechkie-20%26linkCode%3Dxm2%26camp%3D2025%26creative%3D165953%26creativeASIN%3D1886529035},
}

@Article{Carreau2008,
  author    = {Julie Carreau and Yoshua Bengio},
  title     = {A hybrid Pareto model for asymmetric fat-tailed data: the univariate case},
  journal   = {Extremes},
  year      = {2008},
  volume    = {12},
  number    = {1},
  pages     = {53--76},
  month     = {aug},
  doi       = {10.1007/s10687-008-0068-0},
  publisher = {Springer Nature},
}

@Book{Liu2012,
  title     = {Stochastic Averaging and Stochastic Extremum Seeking},
  publisher = {Springer London},
  year      = {2012},
  author    = {Liu, Shu-Jun and Krstic, Miroslav},
  isbn      = {978-1-4471-4087-0},
  date      = {2012-06-16},
  ean       = {9781447140870},
  pagetotal = {224},
  url       = {http://www.ebook.de/de/product/19951579/shu_jun_liu_miroslav_krstic_stochastic_averaging_and_stochastic_extremum_seeking.html},
}

@Book{Hosmer2000,
  title     = {Applied Logistic Regression},
  publisher = {Wiley-Interscience Publication},
  year      = {2000},
  author    = {David W. Hosmer and Stanley Lemeshow},
  isbn      = {0-471-35632-8},
  url       = {https://www.amazon.com/Applied-Logistic-Regression-Probability-Statistics/dp/0471356328?SubscriptionId=0JYN1NVW651KCA56C102&tag=techkie-20&linkCode=xm2&camp=2025&creative=165953&creativeASIN=0471356328},
}

@Book{Kumar1986,
  title     = {Stochastic Systems: Estimation, Identification and Adaptive Control},
  publisher = {Prentice Hall},
  year      = {1986},
  author    = {P.R. Kumar and Pravin Varaiya},
  isbn      = {013846684-X},
  timestamp = {2017-07-04},
  url       = {https://www.amazon.com/Stochastic-Systems-Identification-Prentice-Hall-Information/dp/013846684X%3FSubscriptionId%3D0JYN1NVW651KCA56C102%26tag%3Dtechkie-20%26linkCode%3Dxm2%26camp%3D2025%26creative%3D165953%26creativeASIN%3D013846684X},
}

@Book{MacKay2003,
  title     = {Information Theory, Inference and Learning Algorithms},
  publisher = {Cambridge University Press},
  year      = {2003},
  author    = {David J. C. MacKay},
  isbn      = {9780521642989},
  url       = {https://www.amazon.com/Information-Theory-Inference-Learning-Algorithms/dp/0521642981?SubscriptionId=0JYN1NVW651KCA56C102&tag=techkie-20&linkCode=xm2&camp=2025&creative=165953&creativeASIN=0521642981},
}

@Book{Dudley2002,
  title     = {Real Analysis and Probability},
  publisher = {Cambridge University Press},
  year      = {2002},
  author    = {R. M. Dudley},
  isbn      = {0-521-80972-X},
  url       = {https://www.amazon.com/Analysis-Probability-Cambridge-Advanced-Mathematics/dp/052180972X?SubscriptionId=0JYN1NVW651KCA56C102&tag=techkie-20&linkCode=xm2&camp=2025&creative=165953&creativeASIN=052180972X},
}

@Book{Dekking2005,
  title     = {A Modern Introduction to Probability and Statistics: Understanding Why and How},
  publisher = {Springer},
  year      = {2005},
  author    = {F.M. Dekking and C. Kraaikamp and H.P. Lopuha√§ and L.E. Meester},
  isbn      = {1-85233-896-2},
  url       = {https://www.amazon.com/Modern-Introduction-Probability-Statistics-Understanding/dp/1852338962?SubscriptionId=0JYN1NVW651KCA56C102&tag=techkie-20&linkCode=xm2&camp=2025&creative=165953&creativeASIN=1852338962},
}

@Book{Mohri2012,
  title     = {Foundations of Machine Learning},
  publisher = {The MIT Press},
  year      = {2012},
  author    = {Mehryar Mohri and Afshin Rostamizadeh and Ameet Talwalkar},
  isbn      = {978-0-262-01825-8},
  url       = {https://www.amazon.com/Foundations-Machine-Learning-Adaptive-Computation/dp/026201825X?SubscriptionId=0JYN1NVW651KCA56C102&tag=techkie-20&linkCode=xm2&camp=2025&creative=165953&creativeASIN=026201825X},
}

@Book{Olofsson2012,
  title     = {Probability, Statistics, and Stochastic Processes},
  publisher = {Wiley},
  year      = {2012},
  author    = {Peter Olofsson and Mikael Andersson},
  isbn      = {9780470889749},
  url       = {https://www.amazon.com/Probability-Statistics-Stochastic-Processes-Olofsson/dp/0470889748?SubscriptionId=0JYN1NVW651KCA56C102&tag=techkie-20&linkCode=xm2&camp=2025&creative=165953&creativeASIN=0470889748},
}

@Book{Barber2012,
  title     = {Bayesian Reasoning and Machine Learning},
  publisher = {Cambridge University Press},
  year      = {2012},
  author    = {David Barber},
  isbn      = {9780511804779},
  doi       = {10.1017/cbo9780511804779},
}

@Book{Stock2011,
  title     = {Introduction to Econometrics},
  publisher = {Addison-Wesley},
  year      = {2011},
  author    = {James H. Stock and Mark W. Watson},
  edition   = {3},
  isbn      = {0-13-800900-7},
  url       = {https://www.amazon.com/Introduction-Econometrics-3rd-Addison-wesley-Economics/dp/0138009007?SubscriptionId=0JYN1NVW651KCA56C102&tag=techkie-20&linkCode=xm2&camp=2025&creative=165953&creativeASIN=0138009007},
}

@Book{Hausner1977,
  title     = {Elementary Probability Theory},
  publisher = {Springer},
  year      = {1977},
  author    = {Melvin Hausner},
  isbn      = {978-1-4613-5706-3},
  url       = {https://www.amazon.com/Elementary-Probability-Theory-Melvin-Hausner/dp/1461357063?SubscriptionId=0JYN1NVW651KCA56C102&tag=techkie-20&linkCode=xm2&camp=2025&creative=165953&creativeASIN=1461357063},
}

@Book{Denker1998,
  title     = {Introductory Statistics and Random Phenomena: Uncertainty, Complexity and Chaotic Behavior in Engineering and Science},
  publisher = {Birkh√§user},
  year      = {1998},
  author    = {Manfred Denker and Wojbor Woyczynski},
  isbn      = {0-8176-4031-2},
  url       = {https://www.amazon.com/Introductory-Statistics-Random-Phenomena-Uncertainty/dp/0817640312?SubscriptionId=0JYN1NVW651KCA56C102&tag=techkie-20&linkCode=xm2&camp=2025&creative=165953&creativeASIN=0817640312},
}

@Book{Pitman1993,
  title     = {Probability},
  publisher = {Springer},
  year      = {1993},
  author    = {Jim Pitman},
  isbn      = {978-0-387-94594-1},
  url       = {https://www.amazon.com/Probability-Springer-Texts-Statistics-Pitman/dp/0387945946?SubscriptionId=0JYN1NVW651KCA56C102&tag=techkie-20&linkCode=xm2&camp=2025&creative=165953&creativeASIN=0387945946},
}

@Book{Astrom1970,
  title     = {Introduction to Stochastic Control Theory},
  publisher = {Academic Press},
  year      = {1970},
  author    = {Karl J. Astrom},
  isbn      = {0486445313},
  url       = {https://www.amazon.com/Introduction-Stochastic-Control-Electrical-Engineering/dp/0486445313?SubscriptionId=0JYN1NVW651KCA56C102&tag=techkie-20&linkCode=xm2&camp=2025&creative=165953&creativeASIN=0486445313},
}

@Book{Sutton1998,
  title     = {Reinforcement Learning: An Introduction},
  publisher = {A Bradford Book},
  year      = {1998},
  author    = {Richard S. Sutton and Andrew G. Barto},
  isbn      = {0262193981},
  url       = {https://www.amazon.com/Reinforcement-Learning-Introduction-Adaptive-Computation/dp/0262193981?SubscriptionId=0JYN1NVW651KCA56C102&tag=techkie-20&linkCode=xm2&camp=2025&creative=165953&creativeASIN=0262193981},
}

@Book{Blom1989,
  title     = {Probability and Statistics: Theory and Applications},
  publisher = {Springer},
  year      = {1989},
  author    = {Gunnar Blom},
  isbn      = {978-1-4612-8158-0},
  url       = {https://www.amazon.com/Probabitily-Statistics-Theory-Applications-Springer/dp/146128158X?SubscriptionId=0JYN1NVW651KCA56C102&tag=techkie-20&linkCode=xm2&camp=2025&creative=165953&creativeASIN=146128158X},
}

@Book{Tempo2012,
  title     = {Randomized Algorithms for Analysis and Control of Uncertain Systems},
  publisher = {Springer London},
  year      = {2012},
  author    = {Tempo, Roberto and Calafiore, Giuseppe and Dabbene, Fabrizio},
  isbn      = {978-1-4471-4610-0},
  date      = {2012-10-21},
  ean       = {9781447146100},
  pagetotal = {360},
  url       = {http://www.ebook.de/de/product/20529260/roberto_tempo_giuseppe_calafiore_fabrizio_dabbene_randomized_algorithms_for_analysis_and_control_of_uncertain_systems.html},
}

@Book{Dacunha-Castelle1986,
  title     = {Probability and Statistics: Volume II},
  publisher = {Springer},
  year      = {1986},
  author    = {Didier Dacunha-Castelle and Marie Duflo},
  isbn      = {978-1-4612-9339-2},
  url       = {https://www.amazon.com/2-Probability-Statistics-Didier-Dacunha-Castelle/dp/1461293391?SubscriptionId=0JYN1NVW651KCA56C102&tag=techkie-20&linkCode=xm2&camp=2025&creative=165953&creativeASIN=1461293391},
}

@Book{Iversen2011,
  title     = {Statistics: The Conceptual Approach},
  publisher = {Springer},
  year      = {1997},
  author    = {Gudmund R. Iversen and Mary Gergen},
  isbn      = {978-1-4612-7470-4},
  url       = {https://www.amazon.com/Statistics-Conceptual-Approach-Undergraduate-Textbooks/dp/1461274702?SubscriptionId=0JYN1NVW651KCA56C102&tag=techkie-20&linkCode=xm2&camp=2025&creative=165953&creativeASIN=1461274702},
}

@Conference{Baldi2013,
  author    = {Pierre Baldi and Peter Sadowski},
  title     = {Understanding Dropout},
  booktitle = {Advances in Neural Information Processing Systems},
  year      = {2013},
  url       = {https://papers.nips.cc/paper/4878-understanding-dropout.pdf},
}

@Conference{Jern2011,
  author    = {Alan Jern and Christopher G. Lucas and Charles Kemp},
  title     = {Evaluating the inverse decision-making approach to preference learning},
  booktitle = {Advances in Neural Information Processing Systems},
  year      = {2011},
  url       = {https://papers.nips.cc/paper/4372-evaluating-the-inverse-decision-making-approach-to-preference-learning.pdf},
}

@Conference{Ailon2011,
  author    = {Nir Ailon},
  title     = {Active Learning Ranking from Pairwise Preferences with Almost Optimal Query Complexity},
  booktitle = {Advances in Neural Information Processing Systems},
  year      = {2011},
  url       = {https://papers.nips.cc/paper/4428-active-learning-ranking-from-pairwise-preferences-with-almost-optimal-query-complexity.pdf},
}

@Book{Shiryaev1996,
  title     = {Probability},
  publisher = {Springer New York},
  year      = {1996},
  author    = {A. N. Shiryaev},
  edition   = {2nd},
  isbn      = {978-1-4757-2541-4},
  doi       = {10.1007/978-1-4757-2539-1},
}

@Article{Huellermeier2008,
  author    = {Eyke H√ºllermeier and Johannes F√ºrnkranz and Weiwei Cheng and Klaus Brinker},
  title     = {Label ranking by learning pairwise preferences},
  journal   = {Artificial Intelligence},
  year      = {2008},
  volume    = {172},
  number    = {16-17},
  pages     = {1897--1916},
  month     = {nov},
  doi       = {10.1016/j.artint.2008.08.002},
  publisher = {Elsevier {BV}},
}

@Conference{Richardson2002,
  author    = {Matthew Richardson and Pedro Domingos},
  title     = {The Intelligent Surfer: Probabilistic Combination of Link and Content Information in PageRank},
  booktitle = {Advances in Neural Information Processing Systems},
  year      = {2002},
  url       = {https://www.microsoft.com/en-us/research/wp-content/uploads/2016/02/qd-pagerank.pdf},
}

@Article{Stuart2017,
  author    = {Andrew M. Stuart and Aretha L. Teckentrup},
  title     = {Posterior consistency for Gaussian process approximations of Bayesian posterior distributions},
  journal   = {Mathematics of Computation},
  year      = {2017},
  volume    = {87},
  number    = {310},
  pages     = {721--753},
  month     = {aug},
  doi       = {10.1090/mcom/3244},
  publisher = {American Mathematical Society ({AMS})},
}

@Conference{Evans2015,
  author    = {Evans, Owain and Goodman, Noah D},
  title     = {Learning the Preferences of Bounded Agents},
  booktitle = {NIPS Workshop on Bounded Optimality},
  year      = {2015},
  url       = {https://stuhlmueller.org/papers/preferences-nipsworkshop2015.pdf},
}

@Conference{Lucas2009,
  author    = {Christopher G. Lucas and Thomas L. Griffiths and Fei Xu and Christine Fawcett},
  title     = {A rational model of preference learning and choice prediction by children},
  booktitle = {Advances in Neural Information Processing Systems},
  year      = {2009},
  url       = {http://papers.nips.cc/paper/3579-a-rational-model-of-preference-learning-and-choice-prediction-by-children.pdf},
}

@Book{Jeffrey2004,
  title     = {Subjective Probability: The Real Thing},
  publisher = {Cambridge University Press},
  year      = {2004},
  author    = {Richard Jeffrey},
  isbn      = {0521536685},
  url       = {https://www.amazon.com/Subjective-Probability-Thing-Richard-Jeffrey/dp/0521536685?SubscriptionId=0JYN1NVW651KCA56C102&tag=techkie-20&linkCode=xm2&camp=2025&creative=165953&creativeASIN=0521536685},
}

@Book{Siegel1956,
  title     = {Nonparametric Statistics for the Behavioral Sciences},
  publisher = {McGraw-Hill},
  year      = {1956},
  author    = {Sidney Siegel},
  isbn      = {0070573573},
  url       = {http://www.worldcat.org/title/nonparametric-statistics-for-the-behavioral-sciences/oclc/255536918},
}

@Book{Bubnicki2013,
  title     = {Analysis and Decision Making in Uncertain Systems},
  publisher = {Springer},
  year      = {2013},
  author    = {Zdzislaw Bubnicki},
  isbn      = {978-1-4471-3760-3},
  url       = {https://www.amazon.com/Analysis-Decision-Uncertain-Communications-Engineering-ebook/dp/B000UGN1FK?SubscriptionId=0JYN1NVW651KCA56C102&tag=techkie-20&linkCode=xm2&camp=2025&creative=165953&creativeASIN=B000UGN1FK},
}

@InCollection{Larranaga2002,
  author    = {P. Larra{\~{n}}aga},
  title     = {An Introduction to Probabilistic Graphical Models},
  booktitle = {Estimation of Distribution Algorithms},
  publisher = {Springer {US}},
  year      = {2002},
  pages     = {27--56},
  doi       = {10.1007/978-1-4615-1539-5_2},
}

@Book{Schwarz2007,
  title     = {40 Puzzles and Problems in Probability and Mathematical Statistics},
  publisher = {Springer New York},
  year      = {2007},
  author    = {Wolfgang Schwarz},
  isbn      = {978-0-387-73512-2},
  url       = {https://www.amazon.com/Problems-Probability-Mathematical-Statistics-Mathematics-ebook/dp/B0028085VQ?SubscriptionId=0JYN1NVW651KCA56C102&tag=techkie-20&linkCode=xm2&camp=2025&creative=165953&creativeASIN=B0028085VQ},
}

@Book{Hogg2013,
  title     = {Introduction to Mathematical Statistics},
  publisher = {Pearson},
  year      = {2013},
  author    = {Robert V. Hogg and Joseph W. McKean and Allen T. Craig},
  edition   = {7},
  isbn      = {978-0-321-79543-4},
  url       = {https://www.amazon.com/Introduction-Mathematical-Statistics-Robert-Hogg/dp/0321795431?SubscriptionId=0JYN1NVW651KCA56C102&tag=techkie-20&linkCode=xm2&camp=2025&creative=165953&creativeASIN=0321795431},
}

@Book{Liese2008,
  title     = {Statistical Decision Theory: Estimation, Testing, and Selection},
  publisher = {Springer},
  year      = {2008},
  author    = {F. Liese and Klaus-J. Miescke},
  isbn      = {978-0-387-73194-0},
  url       = {https://www.amazon.com/Statistical-Decision-Theory-Estimation-Statistics-ebook/dp/B00FB2TC9W?SubscriptionId=0JYN1NVW651KCA56C102&tag=techkie-20&linkCode=xm2&camp=2025&creative=165953&creativeASIN=B00FB2TC9W},
}

@Book{Casella2001,
  title     = {Statistical Inference},
  publisher = {Duxbury Press},
  year      = {2001},
  author    = {George Casella and Roger L. Berger},
  isbn      = {0-534-24312-6},
  url       = {https://www.amazon.com/Statistical-Inference-George-Casella/dp/0534243126?SubscriptionId=0JYN1NVW651KCA56C102&tag=techkie-20&linkCode=xm2&camp=2025&creative=165953&creativeASIN=0534243126},
}

@Book{Lehmann1986,
  title     = {Testing Statistical Hypotheses},
  publisher = {Springer},
  year      = {1986},
  author    = {E. L. Lehmann},
  isbn      = {978-1-4757-1925-3},
  url       = {https://www.amazon.com/Testing-Statistical-Hypotheses-Springer-Statistics/dp/1475719256?SubscriptionId=0JYN1NVW651KCA56C102&tag=techkie-20&linkCode=xm2&camp=2025&creative=165953&creativeASIN=1475719256},
}

@Book{Loeve1963,
  title     = {Probability Theory},
  publisher = {Springer},
  year      = {1963},
  author    = {Michel Loeve},
  isbn      = {978-0-387-90127-5},
  url       = {https://www.amazon.com/Probability-Theory-Michel-Loeve/dp/0387901272?SubscriptionId=0JYN1NVW651KCA56C102&tag=techkie-20&linkCode=xm2&camp=2025&creative=165953&creativeASIN=0387901272},
}

@Book{Poor1988,
  title     = {An Introduction to Signal Detection and Estimation},
  publisher = {Springer New York},
  year      = {1988},
  author    = {H. Vincent Poor},
  isbn      = {978-1-4757-3865-0},
  doi       = {10.1007/978-1-4757-3863-6},
}

@Article{Bemporad2012,
  author    = {Alberto Bemporad and Leonardo Bellucci and Tommaso Gabbriellini},
  title     = {Dynamic option hedging via stochastic model predictive control based on scenario simulation},
  journal   = {Quantitative Finance},
  year      = {2012},
  volume    = {14},
  number    = {10},
  pages     = {1739--1751},
  month     = {feb},
  abstract  = {Derivative contracts require the replication of the product by means of a dynamic portfolio composed of simpler, more liquid securities. For a broad class of options encountered in financial engineering we propose a solution to the problem of finding a hedging portfolio using a discrete-time stochastic model predictive control and receding horizon optimization. By employing existing option pricing engines for estimating future option prices (possibly in an approximate way, to increase computation speed), in the absence of transaction costs the resulting stochastic optimization problem is easily solved at each trading date as a least-squares problem with as many variables as the number of traded assets and as many constraints as the number of predicted scenarios. As shown through numerical examples, the approach is particularly useful and numerically viable for exotic options where closed-form results are not available, as well as relatively long expiration dates where tree-based stochastic approaches are excessively complex.},
  doi       = {10.1080/14697688.2011.649780},
  keywords  = {Financial options, Hedging techniques, Stochastic control, Stochastic programming, Dynamical systems, Exotic options},
  publisher = {Informa {UK} Limited},
  url       = {http://www.tandfonline.com/doi/abs/10.1080/14697688.2011.649780},
}

@Article{Koetzing2015,
  author    = {Timo K√∂tzing},
  title     = {Concentration of First Hitting Times Under Additive Drift},
  journal   = {Algorithmica},
  year      = {2015},
  volume    = {75},
  number    = {3},
  pages     = {490--506},
  month     = {aug},
  doi       = {10.1007/s00453-015-0048-0},
  publisher = {Springer Nature},
}

@Conference{Malekpour2013,
  author    = {Shirzad Malekpour and James A. Primbs and B. Ross Barmish},
  title     = {On stock trading using a {PI} controller in an idealized market: The robust positive expectation property},
  booktitle = {52nd {IEEE} Conference on Decision and Control},
  year      = {2013},
  month     = dec,
  publisher = {{IEEE}},
  doi       = {10.1109/cdc.2013.6760047},
  keywords  = {stock markets, Brownian motion, feedback, investment, PI control, stochastic processes},
  url       = {http://ieeexplore.ieee.org/document/6760047/},
}

@Book{Guo2010,
  title     = {Stochastic Distribution Control System Design},
  publisher = {Springer London},
  year      = {2010},
  author    = {Guo, Lei and Wang, Hong},
  isbn      = {978-1-84996-030-4},
  date      = {2010-05-13},
  ean       = {9781849960304},
  pagetotal = {196},
  url       = {http://www.ebook.de/de/product/16117015/lei_guo_hong_wang_stochastic_distribution_control_system_design.html},
}

@Book{Gonzalez-Sanchez2013,
  title     = {Discrete-Time Stochastic Control and Dynamic Potential Games},
  publisher = {Springer International Publishing},
  year      = {2013},
  author    = {Gonz√°lez-S√°nchez, David and Hernandez-Lerma, Onesimo},
  isbn      = {978-3-319-01059-5},
  date      = {2013-09-20},
  ean       = {9783319010595},
  pagetotal = {69},
  url       = {http://www.ebook.de/de/product/21990669/david_gonzalez_sanchez_onesimo_hernandez_lerma_discrete_time_stochastic_control_and_dynamic_potential_games.html},
}

@Book{Arnold1995,
  title     = {Random Dynamical Systems},
  publisher = {Springer},
  year      = {1995},
  author    = {Ludwig Arnold and Christopher K.R.T. Jones and Konstantin Mischaikow and Genevieve Raugel},
  isbn      = {978-3-540-60047-3},
  url       = {https://www.amazon.com/Dynamical-Systems-Internazionale-C-I-M-Montecatini/dp/3540600477?SubscriptionId=0JYN1NVW651KCA56C102&tag=techkie-20&linkCode=xm2&camp=2025&creative=165953&creativeASIN=3540600477},
}

@Article{Mikhail1972,
  author    = {W. M. Mikhail},
  title     = {The Bias of the Two-Stage Least Squares Estimator},
  journal   = {Journal of the American Statistical Association},
  year      = {1972},
  volume    = {67},
  number    = {339},
  pages     = {625--627},
  month     = {sep},
  doi       = {10.1080/01621459.1972.10481263},
  publisher = {Informa {UK} Limited},
}

@Conference{Akrour2012,
  author    = {Riad Akrour and Marc Schoenauer and Mich√®le Sebag},
  title     = {APRIL: Active preference learning-based reinforcement learning},
  booktitle = {Joint European Conference on Machine Learning and Knowledge Discovery in Databases},
  year      = {2012},
  url       = {https://arxiv.org/pdf/1208.0984.pdf},
}

@InCollection{Thorp2006,
  author    = {Edward O. Thorp},
  title     = {The Kelly Criterion in Blackjack Sports Betting, and the Stock Market},
  booktitle = {Handbook of Asset and Liability Management},
  publisher = {Elsevier},
  year      = {2006},
  pages     = {385--428},
  doi       = {10.1016/s1872-0978(06)01009-x},
}

@Book{Gyoerfi2002,
  title     = {A Distribution-Free Theory of Nonparametric Regression},
  publisher = {Springer},
  year      = {2002},
  author    = {L√°szl√≥ Gy√∂rfi and Michael Kohler and Adam Krzyzak and Harro Walk},
  isbn      = {978-0-387-95441-7},
  url       = {https://www.amazon.com/Distribution-Free-Nonparametric-Regression-Springer-Statistics/dp/0387954414?SubscriptionId=0JYN1NVW651KCA56C102&tag=techkie-20&linkCode=xm2&camp=2025&creative=165953&creativeASIN=0387954414},
}

@Article{Csaji2015,
  author    = {Balazs Csanad Csaji and Marco Claudio Campi and Erik Weyer},
  title     = {Sign-Perturbed Sums: A New System Identification Approach for Constructing Exact Non-Asymptotic Confidence Regions in Linear Regression Models},
  journal   = {{IEEE} Transactions on Signal Processing},
  year      = {2015},
  volume    = {63},
  number    = {1},
  pages     = {169--181},
  month     = {jan},
  doi       = {10.1109/tsp.2014.2369000},
  publisher = {Institute of Electrical and Electronics Engineers ({IEEE})},
}

@Article{Rockinger2002,
  author    = {Michael Rockinger and Eric Jondeau},
  title     = {Entropy densities with an application to autoregressive conditional skewness and kurtosis},
  journal   = {Journal of Econometrics},
  year      = {2002},
  volume    = {106},
  number    = {1},
  pages     = {119--142},
  month     = {jan},
  doi       = {10.1016/s0304-4076(01)00092-6},
  publisher = {Elsevier {BV}},
  url       = {http://www.hec.unil.ch/ejondeau/Publications/cje2002.pdf},
}

@Article{Kocijan2005,
  author    = {Ju{\v{s}} Kocijan and Agathe Girard and Bla{\v{z}} Banko and Roderick Murray-Smith},
  title     = {Dynamic systems identification with Gaussian processes},
  journal   = {Mathematical and Computer Modelling of Dynamical Systems},
  year      = {2005},
  volume    = {11},
  number    = {4},
  pages     = {411--424},
  month     = {dec},
  doi       = {10.1080/13873950500068567},
  publisher = {Informa {UK} Limited},
}

@PhdThesis{Minka2001a,
  author = {Thomas Minka},
  title  = {A family of algorithms for approximate Bayesian inference},
  school = {Massachusetts Institute of Technology},
  year   = {2001},
  type   = {phdthesis},
  url    = {https://tminka.github.io/papers/ep/minka-thesis.pdf},
}

@Article{Gevers2006,
  author    = {Michel Gevers},
  title     = {A personal view of the development of system identification: A 30-year journey through an exciting field},
  journal   = {{IEEE} Control Systems Magazine},
  year      = {2006},
  volume    = {26},
  number    = {6},
  pages     = {93--105},
  month     = {dec},
  doi       = {10.1109/mcs.2006.252834},
  publisher = {Institute of Electrical and Electronics Engineers ({IEEE})},
}

@Book{Devroye1997,
  title     = {A Probabilistic Theory of Pattern Recognition},
  publisher = {Springer},
  year      = {1997},
  author    = {Luc Devroye and Laszlo Gy√∂rfi and Gabor Lugosi},
  isbn      = {978-0-387-94618-4},
  url       = {https://www.amazon.com/Probabilistic-Recognition-Stochastic-Modelling-Probability/dp/0387946187?SubscriptionId=0JYN1NVW651KCA56C102&tag=techkie-20&linkCode=xm2&camp=2025&creative=165953&creativeASIN=0387946187},
}

@Article{Mosteller1951,
  author    = {Frederick Mosteller},
  title     = {Remarks on the method of paired comparisons: I. The least squares solution assuming equal standard deviations and equal correlations},
  journal   = {Psychometrika},
  year      = {1951},
  volume    = {16},
  number    = {1},
  pages     = {3--9},
  month     = {mar},
  doi       = {10.1007/bf02313422},
  publisher = {Springer Nature},
}

@TechReport{Cattelan2012,
  author      = {Maneula Cattelan and Cristiano Varin and David Firth},
  title       = {Dynamic Bradley-Terry modelling of sports tournaments},
  institution = {The University of Warwick},
  year        = {2012},
  url         = {https://warwick.ac.uk/fac/sci/statistics/crism/research/paper10-19/10-19wv3.pdf},
}

@Article{Cattelan2012a,
  author    = {Manuela Cattelan},
  title     = {Models for Paired Comparison Data: A Review with Emphasis on Dependent Data},
  journal   = {Statistical Science},
  year      = {2012},
  volume    = {27},
  number    = {3},
  pages     = {412--433},
  month     = {aug},
  doi       = {10.1214/12-sts396},
  publisher = {Institute of Mathematical Statistics},
}

@TechReport{Tsukida2011,
  author      = {Kristi Tsukida and Maya R Gupta},
  title       = {How to Analyze Paired Comparison Data},
  institution = {University of Washington},
  year        = {2011},
  url         = {http://www.dtic.mil/dtic/tr/fulltext/u2/a543806.pdf},
}

@Article{Thurstone1927,
  author    = {L. L. Thurstone},
  title     = {A law of comparative judgment},
  journal   = {Psychological Review},
  year      = {1927},
  volume    = {34},
  number    = {4},
  pages     = {273--286},
  doi       = {10.1037/h0070288},
  publisher = {American Psychological Association ({APA})},
}

@MastersThesis{Macutkiewicz2006,
  author = {Marcin Macutkiewicz},
  title  = {Paired comparisons and group preference},
  school = {Delft University of Technology},
  year   = {2006},
  url    = {http://medewerkers.tudelft.nl/fileadmin/Faculteit/EWI/Over_de_faculteit/Afdelingen/Applied_Mathematics/Risico_en_Beslissings_Analyse/Theses/MMacutkiewicz_thesis.pdf},
}

@Book{Amemiya1985,
  title     = {Advanced Econometrics},
  publisher = {Harvard University Press},
  year      = {1985},
  author    = {Takeshi Amemiya},
  isbn      = {0674005600},
  url       = {https://www.amazon.com/Advanced-Econometrics-Takeshi-Amemiya/dp/0674005600?SubscriptionId=0JYN1NVW651KCA56C102&tag=techkie-20&linkCode=xm2&camp=2025&creative=165953&creativeASIN=0674005600},
}

@Article{Springall1973,
  author    = {A. Springall},
  title     = {Response Surface Fitting Using a Generalization of the Bradley-Terry Paired Comparison Model},
  journal   = {Applied Statistics},
  year      = {1973},
  volume    = {22},
  number    = {1},
  pages     = {59},
  doi       = {10.2307/2346303},
  publisher = {{JSTOR}},
}

@Article{Yao1999,
  author    = {Yi-Ching Yao and Gordon Simons},
  title     = {Asymptotics when the number of parameters tends to infinity in the Bradley-Terry model for paired comparisons},
  journal   = {The Annals of Statistics},
  year      = {1999},
  volume    = {27},
  number    = {3},
  pages     = {1041--1060},
  month     = {jun},
  doi       = {10.1214/aos/1018031267},
  publisher = {Institute of Mathematical Statistics},
}

@Article{Huang2006,
  author  = {Tzu-Kuo Huang and Ruby C. Weng and Chih-Jen Lin},
  title   = {Generalized Bradley-Terry Models and Multi-Class Probability Estimates},
  journal = {Journal of Machine Learning Research},
  year    = {2006},
  volume  = {7},
  number  = {1},
  pages   = {85--115},
  url     = {http://www.jmlr.org/papers/volume7/huang06a/huang06a.pdf},
}

@Conference{Hajek2014,
  author    = {Bruce Hajek and Sewoong Oh and Jiaming Xu},
  title     = {Minimax-optimal Inference from Partial Rankings},
  booktitle = {Advances in Neural Information Processing Systems},
  year      = {2014},
  url       = {http://papers.nips.cc/paper/5361-minimax-optimal-inference-from-partial-rankings.pdf},
}

@Article{Fuernkranz2012,
  author    = {Johannes F√ºrnkranz and Eyke H√ºllermeier and Weiwei Cheng and Sang-Hyeun Park},
  title     = {Preference-based reinforcement learning: a formal framework and a policy iteration algorithm},
  journal   = {Machine Learning},
  year      = {2012},
  volume    = {89},
  number    = {1-2},
  pages     = {123--156},
  month     = {aug},
  doi       = {10.1007/s10994-012-5313-8},
  publisher = {Springer Nature},
}

@Book{Train2009,
  title     = {Discrete Choice Methods with Simulation},
  publisher = {Cambridge University Press},
  year      = {2009},
  author    = {Kenneth E. Train},
  isbn      = {0521766559},
  url       = {https://www.amazon.com/Discrete-Choice-Methods-Simulation-Kenneth/dp/0521766559?SubscriptionId=0JYN1NVW651KCA56C102&tag=techkie-20&linkCode=xm2&camp=2025&creative=165953&creativeASIN=0521766559},
}

@InCollection{McFadden1974,
  author    = {Daniel McFadden},
  title     = {Conditional logit analysis of qualitative choice behavior},
  booktitle = {Frontiers in Econometrics},
  publisher = {Academic Press},
  year      = {1974},
  url       = {https://eml.berkeley.edu/reprints/mcfadden/zarembka.pdf},
}

@InCollection{Leeuw1992,
  author    = {J. de Leeuw},
  title     = {Introduction to Akaike (1973) Information Theory and an Extension of the Maximum Likelihood Principle},
  booktitle = {Springer Series in Statistics},
  publisher = {Springer New York},
  year      = {1992},
  pages     = {599--609},
  doi       = {10.1007/978-1-4612-0919-5_37},
}

@InCollection{Balcan2014,
  author    = {Maria-Florina Balcan and Amit Daniely and Ruta Mehta and Ruth Urner and Vijay V. Vazirani},
  title     = {Learning Economic Parameters from Revealed Preferences},
  booktitle = {Web and Internet Economics},
  publisher = {Springer International Publishing},
  year      = {2014},
  pages     = {338--353},
  doi       = {10.1007/978-3-319-13129-0_28},
}

@Article{Luce1994,
  author    = {R. Duncan Luce},
  title     = {Thurstone and sensory scaling: Then and now.},
  journal   = {Psychological Review},
  year      = {1994},
  volume    = {101},
  number    = {2},
  pages     = {271--277},
  doi       = {10.1037/0033-295x.101.2.271},
  publisher = {American Psychological Association ({APA})},
}

@Book{David1988,
  title     = {The Method of Paired Comparisons},
  publisher = {Hodder Arnold},
  year      = {1988},
  author    = {H.A. David},
  isbn      = {0852642903},
  url       = {https://www.amazon.com/Method-Paired-Comparisons-H-David/dp/0852642903?SubscriptionId=0JYN1NVW651KCA56C102&tag=techkie-20&linkCode=xm2&camp=2025&creative=165953&creativeASIN=0852642903},
}

@Book{Chen2013,
  title     = {System Parameter Identification: Information Criteria and Algorithms},
  publisher = {Elsevier},
  year      = {2013},
  author    = {Badong Chen and Yu Zhu and Jinchun Hu and Jose C. Principe},
  isbn      = {978-0-12-404574-3},
  url       = {https://www.amazon.com/System-Parameter-Identification-Information-Algorithms/dp/012404574X?SubscriptionId=0JYN1NVW651KCA56C102&tag=techkie-20&linkCode=xm2&camp=2025&creative=165953&creativeASIN=012404574X},
}

@Article{Anastasiou2017,
  author    = {Andreas Anastasiou and Gesine Reinert},
  title     = {Bounds for the normal approximation of the maximum likelihood estimator},
  journal   = {Bernoulli},
  year      = {2017},
  volume    = {23},
  number    = {1},
  pages     = {191--218},
  month     = {feb},
  doi       = {10.3150/15-bej741},
  publisher = {Bernoulli Society for Mathematical Statistics and Probability},
}

@Conference{Stein1972,
  author    = {Charles Stein},
  title     = {A bound for the error in the normal approximation to the distribution of a sum of dependent random variables},
  booktitle = {Sixth Berkeley Symposium on Mathematical Statistics and Probability},
  year      = {1972},
  url       = {https://projecteuclid.org/download/pdf_1/euclid.bsmsp/1200514239},
}

@Book{Chen2011,
  title     = {Normal Approximation by Stein‚Äôs Method},
  publisher = {Springer},
  year      = {2011},
  author    = {Louis H.Y. Chen and Larry Goldstein and Qi-Man Shao},
  isbn      = {978-3-642-15006-7},
  url       = {https://www.amazon.com/Normal-Approximation-Steins-Probability-Applications/dp/3642150063?SubscriptionId=0JYN1NVW651KCA56C102&tag=techkie-20&linkCode=xm2&camp=2025&creative=165953&creativeASIN=3642150063},
}

@Article{Anastasiou2017a,
  author  = {Andreas Anastasiou and Christophe Ley},
  title   = {Bounds for the asymptotic normality of the maximum likelihood estimator using the Delta method},
  journal = {Latin American Journal of Probability and Mathematical Statistics},
  year    = {2017},
  url     = {http://alea.impa.br/articles/v14/14-09.pdf},
}

@TechReport{Christiano2017,
  author      = {Paul Christiano and Jan Leike and Tom B. Brown and Miljan Martic and Shane Legg and Dario Amodei},
  title       = {Deep reinforcement learning from human preferences},
  institution = {OpenAI},
  year        = {2017},
  note        = {arXiv},
  date        = {2017-06-12},
  eprint      = {1706.03741v3},
  eprintclass = {stat.ML},
  eprinttype  = {arXiv},
  keywords    = {stat.ML, cs.AI, cs.HC, cs.LG},
  url         = {https://arxiv.org/pdf/1706.03741v3.pdf},
}

@Article{Berry1941,
  author    = {Andrew C. Berry},
  title     = {The accuracy of the Gaussian approximation to the sum of independent variates},
  journal   = {Transactions of the American Mathematical Society},
  year      = {1941},
  volume    = {49},
  number    = {1},
  pages     = {122--122},
  month     = {jan},
  doi       = {10.1090/s0002-9947-1941-0003498-3},
  publisher = {American Mathematical Society ({AMS})},
}

@Article{White1982,
  author    = {Halbert White},
  title     = {Maximum Likelihood Estimation of Misspecified Models},
  journal   = {Econometrica},
  year      = {1982},
  volume    = {50},
  number    = {1},
  pages     = {1},
  month     = {jan},
  doi       = {10.2307/1912526},
  publisher = {{JSTOR}},
}

@Article{Chow1984,
  author    = {Gregory C. Chow},
  title     = {Maximum-likelihood estimation of misspecified models},
  journal   = {Economic Modelling},
  year      = {1984},
  volume    = {1},
  number    = {2},
  pages     = {134--138},
  month     = {apr},
  doi       = {10.1016/0264-9993(84)90001-4},
  publisher = {Elsevier {BV}},
}

@Book{Boos2013,
  title     = {Essential Statistical Inference: Theory and Methods},
  publisher = {Springer},
  year      = {2013},
  author    = {Dennis D. Boos and Leonard A . Stefanski},
  isbn      = {978-1-4614-4818-1},
  url       = {https://www.amazon.com/Essential-Statistical-Inference-Springer-Statistics-ebook/dp/B00BLSEQ3C?SubscriptionId=0JYN1NVW651KCA56C102&tag=techkie-20&linkCode=xm2&camp=2025&creative=165953&creativeASIN=B00BLSEQ3C},
}

@Book{Neftci2000,
  title     = {An Introduction to the Mathematics of Financial Derivatives},
  publisher = {Academic Press},
  year      = {2000},
  author    = {Salih N. Neftci},
  isbn      = {0125153929},
  url       = {https://www.amazon.com/Introduction-Mathematics-Financial-Derivatives-Academic/dp/0125153929?SubscriptionId=0JYN1NVW651KCA56C102&tag=techkie-20&linkCode=xm2&camp=2025&creative=165953&creativeASIN=0125153929},
}

@Book{Cover2006,
  title     = {Elements of Information Theory},
  publisher = {Wiley-Interscience},
  year      = {2006},
  author    = {Thomas M. Cover and Joy A. Thomas},
  isbn      = {0471241954},
  url       = {https://www.amazon.com/Elements-Information-Theory-Telecommunications-Processing/dp/0471241954?SubscriptionId=0JYN1NVW651KCA56C102&tag=techkie-20&linkCode=xm2&camp=2025&creative=165953&creativeASIN=0471241954},
}

@Book{Shreve2004,
  title     = {Stochastic Calculus for Finance I: The Binomial Asset Pricing Model},
  publisher = {Springer},
  year      = {2004},
  author    = {Steven Shreve},
  isbn      = {0-387-40100-8},
  url       = {https://www.amazon.com/Stochastic-Calculus-Finance-Binomial-Springer/dp/0387401008?SubscriptionId=0JYN1NVW651KCA56C102&tag=techkie-20&linkCode=xm2&camp=2025&creative=165953&creativeASIN=0387401008},
}

@Conference{Caticha2006,
  author    = {Ariel Caticha and Adom Giffin},
  title     = {Updating Probabilities},
  booktitle = {26th International Workshop on Bayesian Inference and Maximum Entropy Methods},
  year      = {2006},
  publisher = {{AIP}},
  doi       = {10.1063/1.2423258},
}

@Book{Vaart1998,
  title     = {Asymptotic Statistics},
  publisher = {Cambridge University Press},
  year      = {1998},
  author    = {A. W. van der Vaart},
  isbn      = {0521496039},
  url       = {https://www.amazon.com/Asymptotic-Statistics-Statistical-Probabilistic-Mathematics/dp/0521496039?SubscriptionId=0JYN1NVW651KCA56C102&tag=techkie-20&linkCode=xm2&camp=2025&creative=165953&creativeASIN=0521496039},
}

@Article{Gordon1941,
  author    = {Robert D. Gordon},
  title     = {Values of Mills' Ratio of Area to Bounding Ordinate and of the Normal Probability Integral for Large Values of the Argument},
  journal   = {The Annals of Mathematical Statistics},
  year      = {1941},
  volume    = {12},
  number    = {3},
  pages     = {364--366},
  month     = {sep},
  doi       = {10.1214/aoms/1177731721},
  publisher = {Institute of Mathematical Statistics},
}

@Book{Small2010,
  title     = {Expansions and Asymptotics for Statistics},
  publisher = {Chapman and Hall/CRC},
  year      = {2010},
  author    = {Christopher G. Small},
  isbn      = {978-1-58488-590-0},
  url       = {https://www.amazon.com/Expansions-Asymptotics-Statistics-Monographs-Probability/dp/1584885904?SubscriptionId=0JYN1NVW651KCA56C102&tag=techkie-20&linkCode=xm2&camp=2025&creative=165953&creativeASIN=1584885904},
}

@Book{Capinski2001,
  title     = {Probability Through Problems},
  publisher = {Springer},
  year      = {2001},
  author    = {Marek Capinski and Tomasz Jerzy Zastawniak},
  isbn      = {978-1-4757-6291-4},
  url       = {https://www.amazon.com/Probability-Through-Problems-Problem-Mathematics/dp/1475762917?SubscriptionId=0JYN1NVW651KCA56C102&tag=techkie-20&linkCode=xm2&camp=2025&creative=165953&creativeASIN=1475762917},
}

@Conference{Busetto2009,
  author    = {Alberto Giovanni Busetto and Cheng Soon Ong and Joachim M. Buhmann},
  title     = {Optimized Expected Information Gain for Nonlinear Dynamical Systems},
  booktitle = {International Conference on Machine Learning},
  year      = {2009},
  url       = {http://www.ong-home.my/papers/busetto09info-gain.pdf},
}

@Book{Efron2016,
  title     = {Computer Age Statistical Inference: Algorithms, Evidence, and Data Science},
  publisher = {Cambridge University Press},
  year      = {2016},
  author    = {Bradley Efron and Trevor Hastie},
  isbn      = {9781107149892},
  url       = {https://www.amazon.com/Computer-Age-Statistical-Inference-Mathematical/dp/1107149894?SubscriptionId=0JYN1NVW651KCA56C102&tag=techkie-20&linkCode=xm2&camp=2025&creative=165953&creativeASIN=1107149894},
}

@Conference{Chernyshov2014,
  author    = {K.R. Chernyshov},
  title     = {Information theory within system identification: Revising some approaches},
  booktitle = {9th {IEEE} Conference on Industrial Electronics and Applications},
  year      = {2014},
  month     = {jun},
  publisher = {{IEEE}},
  doi       = {10.1109/iciea.2014.6931138},
}

@Book{Stark2001,
  title     = {Probability and Random Processes with Applications to Signal Processing},
  publisher = {Prentice Hall},
  year      = {2001},
  author    = {Henry Stark and John W. Woods},
  isbn      = {0130200719},
  url       = {https://www.amazon.com/Probability-Random-Processes-Applications-Processing/dp/0130200719?SubscriptionId=0JYN1NVW651KCA56C102&tag=techkie-20&linkCode=xm2&camp=2025&creative=165953&creativeASIN=0130200719},
}

@Article{Jaynes1957,
  author    = {E. T. Jaynes},
  title     = {Information Theory and Statistical Mechanics},
  journal   = {Physical Review},
  year      = {1957},
  volume    = {106},
  number    = {4},
  pages     = {620--630},
  month     = {may},
  doi       = {10.1103/physrev.106.620},
  publisher = {American Physical Society ({APS})},
}

@Book{Billingsley1999,
  title     = {Convergence of Probability Measures},
  publisher = {Wiley-Interscience},
  year      = {1999},
  author    = {Patrick Billingsley},
  isbn      = {0-471-19745-9},
  url       = {https://www.amazon.com/Convergence-Probability-Measures-Patrick-Billingsley/dp/0471197459?SubscriptionId=0JYN1NVW651KCA56C102&tag=techkie-20&linkCode=xm2&camp=2025&creative=165953&creativeASIN=0471197459},
}

@Book{Kullback1968,
  title     = {Information Theory and Statistics},
  publisher = {Dover Publications},
  year      = {1968},
  author    = {Solomon Kullback},
  isbn      = {0486696847},
  url       = {https://www.amazon.com/Information-Theory-Statistics-Dover-Mathematics/dp/0486696847?SubscriptionId=0JYN1NVW651KCA56C102&tag=techkie-20&linkCode=xm2&camp=2025&creative=165953&creativeASIN=0486696847},
}

@Book{Cohen2015,
  title     = {Stochastic Calculus and Applications},
  publisher = {Birkh√§user},
  year      = {2015},
  author    = {Samuel N. Cohen and Robert J. Elliott},
  isbn      = {978-1-4939-2866-8},
  url       = {https://www.amazon.com/Stochastic-Calculus-Applications-Probability-Its/dp/149392866X?SubscriptionId=0JYN1NVW651KCA56C102&tag=techkie-20&linkCode=xm2&camp=2025&creative=165953&creativeASIN=149392866X},
}

@Article{Wasserman2000,
  author    = {Larry Wasserman},
  title     = {Bayesian Model Selection and Model Averaging},
  journal   = {Journal of Mathematical Psychology},
  year      = {2000},
  volume    = {44},
  number    = {1},
  pages     = {92--107},
  month     = {mar},
  doi       = {10.1006/jmps.1999.1278},
  publisher = {Elsevier {BV}},
}

@Book{DasGupta2008,
  title     = {Asymptotic Theory of Statistics and Probability},
  publisher = {Springer},
  year      = {2008},
  author    = {Anirban DasGupta},
  isbn      = {978-0-387-75970-8},
  url       = {https://www.amazon.com/Asymptotic-Theory-Statistics-Probability-Springer/dp/0387759700?SubscriptionId=0JYN1NVW651KCA56C102&tag=techkie-20&linkCode=xm2&camp=2025&creative=165953&creativeASIN=0387759700},
}

@Book{Klebner2005,
  title     = {Introduction to Stochastic Calculus with Applications},
  publisher = {Imperial College Press},
  year      = {2005},
  author    = {Fima C. Klebner},
  isbn      = {1-86094-555-4},
  url       = {https://www.amazon.com/Introduction-Stochastic-Calculus-Applications-Klebner/dp/1860945554?SubscriptionId=0JYN1NVW651KCA56C102&tag=techkie-20&linkCode=xm2&camp=2025&creative=165953&creativeASIN=1860945554},
}

@Book{Claeskens2008,
  title     = {Model Selection and Model Averaging},
  publisher = {Cambridge University Press},
  year      = {2008},
  author    = {Gerda Claeskens and Nils Lid Hjort},
  isbn      = {9780521852258},
  url       = {https://www.amazon.com/Selection-Averaging-Statistical-Probabilistic-Mathematics/dp/0521852250?SubscriptionId=0JYN1NVW651KCA56C102&tag=techkie-20&linkCode=xm2&camp=2025&creative=165953&creativeASIN=0521852250},
}

@Book{Gallager1996,
  title     = {Discrete Stochastic Processes},
  publisher = {Springer},
  year      = {1996},
  author    = {Robert G. Gallager},
  isbn      = {978-1-4613-5986-9},
  url       = {https://www.amazon.com/Discrete-Stochastic-Processes-International-Engineering/dp/1461359864?SubscriptionId=0JYN1NVW651KCA56C102&tag=techkie-20&linkCode=xm2&camp=2025&creative=165953&creativeASIN=1461359864},
}

@Article{Posse1996,
  author    = {Christian Posse and Jean Diebolt},
  title     = {On the density of the maximum of smooth Gaussian Processses},
  journal   = {The Annals of Probability},
  year      = {1996},
  volume    = {24},
  number    = {3},
  pages     = {1104--1129},
  month     = {jul},
  doi       = {10.1214/aop/1065725176},
  publisher = {Institute of Mathematical Statistics},
}

@Article{Lifshits1987,
  author    = {M. A. Lifshits},
  title     = {On the Distribution of the Maximum of a Gaussian Process},
  journal   = {Theory of Probability {\&} Its Applications},
  year      = {1987},
  volume    = {31},
  number    = {1},
  pages     = {125--132},
  month     = {mar},
  doi       = {10.1137/1131015},
  publisher = {Society for Industrial {\&} Applied Mathematics ({SIAM})},
}

@Book{Kroese2011,
  title     = {Handbook of Monte Carlo Methods},
  publisher = {Wiley},
  year      = {2011},
  author    = {Dirk P. Kroese and Thomas Taimre and Zdravko I. Botev},
  isbn      = {978-0-470-17793-8},
  url       = {https://www.amazon.com/Handbook-Monte-Methods-Probability-Statistics-ebook/dp/B00D9NT5B0?SubscriptionId=0JYN1NVW651KCA56C102&tag=techkie-20&linkCode=xm2&camp=2025&creative=165953&creativeASIN=B00D9NT5B0},
}

@InCollection{Isermann1991,
  author    = {Rolf Isermann},
  title     = {Stochastic Control Systems (Introduction)},
  booktitle = {Digital Control Systems},
  publisher = {Springer Berlin Heidelberg},
  year      = {1991},
  pages     = {3--9},
  doi       = {10.1007/978-3-642-86420-9_1},
}

@Conference{Selvaratnam2017,
  author    = {Daniel D. Selvaratnam and Iman Shames and Dimos V. Dimarogonas and Jonathan H. Manton and Branko Ristic},
  title     = {Co-operative estimation for source localisation using binary sensors},
  booktitle = {56th Annual Conference on Decision and Control},
  year      = {2017},
  month     = {dec},
  publisher = {{IEEE}},
  doi       = {10.1109/cdc.2017.8263875},
}

@Book{Gray2011,
  title     = {Entropy and Information Theory},
  publisher = {Springer},
  year      = {2011},
  author    = {Robert M. Gray},
  isbn      = {978-1-4419-7969-8},
  url       = {https://www.amazon.com/Entropy-Information-Theory-Robert-Gray/dp/1441979697?SubscriptionId=0JYN1NVW651KCA56C102&tag=techkie-20&linkCode=xm2&camp=2025&creative=165953&creativeASIN=1441979697},
}

@Book{Grimmett2001,
  title     = {Probability and Random Processes},
  publisher = {Oxford University Press},
  year      = {2001},
  author    = {Geoffrey R. Grimmett and David R. Stirzaker},
  isbn      = {0198572239},
  url       = {https://www.amazon.com/Probability-Random-Processes-Geoffrey-Grimmett/dp/0198572239?SubscriptionId=0JYN1NVW651KCA56C102&tag=techkie-20&linkCode=xm2&camp=2025&creative=165953&creativeASIN=0198572239},
}

@Book{Grimmett2001a,
  title     = {One Thousand Exercises in Probability},
  publisher = {Oxford University Press},
  year      = {2001},
  author    = {Geoffrey R. Grimmett and David R. Stirzaker},
  isbn      = {0198572212},
  url       = {https://www.amazon.com/Thousand-Exercises-Probability-Geoffrey-Grimmett/dp/0198572212?SubscriptionId=0JYN1NVW651KCA56C102&tag=techkie-20&linkCode=xm2&camp=2025&creative=165953&creativeASIN=0198572212},
}

@Book{Zhou2012,
  title     = {Ensemble Methods: Foundations and Algorithms},
  publisher = {Chapman and Hall/CRC},
  year      = {2012},
  author    = {Zhi-Hua Zhou},
  isbn      = {978-1-4398-3005-5},
  url       = {https://www.amazon.com/Ensemble-Methods-Foundations-Algorithms-Recognition-ebook/dp/B00A8SNJ7K?SubscriptionId=0JYN1NVW651KCA56C102&tag=techkie-20&linkCode=xm2&camp=2025&creative=165953&creativeASIN=B00A8SNJ7K},
}

@Book{Kolassa2006,
  title     = {Series Approximation Methods in Statistics},
  publisher = {Springer},
  year      = {2006},
  author    = {John E. Kolassa},
  isbn      = {978-0-387-31409-9},
  url       = {https://www.amazon.com/Approximation-Methods-Statistics-Lecture-Notes/dp/0387314091?SubscriptionId=0JYN1NVW651KCA56C102&tag=techkie-20&linkCode=xm2&camp=2025&creative=165953&creativeASIN=0387314091},
}

@Article{Arulampalam2002,
  author    = {M.S. Arulampalam and S. Maskell and N. Gordon and T. Clapp},
  title     = {A tutorial on particle filters for online nonlinear/non-Gaussian Bayesian tracking},
  journal   = {{IEEE} Transactions on Signal Processing},
  year      = {2002},
  volume    = {50},
  number    = {2},
  pages     = {174--188},
  doi       = {10.1109/78.978374},
  publisher = {Institute of Electrical and Electronics Engineers ({IEEE})},
}

@Book{Prado2018,
  title     = {Advances in Financial Machine Learning},
  publisher = {Wiley},
  year      = {2018},
  author    = {Marcos Lopez de Prado},
  isbn      = {978-1-119-48208-6},
  url       = {https://www.amazon.com/Advances-Financial-Machine-Learning-Marcos/dp/1119482089?SubscriptionId=0JYN1NVW651KCA56C102&tag=techkie-20&linkCode=xm2&camp=2025&creative=165953&creativeASIN=1119482089},
}

@Book{Mitzenmacher2005,
  title     = {Probability and Computing: Randomized Algorithms and Probabilistic Analysis},
  publisher = {Cambridge University Press},
  year      = {2005},
  author    = {Michael Mitzenmacher and Eli Upfal},
  isbn      = {0521-83540-2},
  url       = {https://www.amazon.com/Probability-Computing-Randomized-Algorithms-Probabilistic/dp/0521835402?SubscriptionId=0JYN1NVW651KCA56C102&tag=techkie-20&linkCode=xm2&camp=2025&creative=165953&creativeASIN=0521835402},
}

@Book{Burnham2002,
  title     = {Model Selection and Multimodel Inference: A Practical Information-Theoretic Approach},
  publisher = {Springer},
  year      = {2002},
  author    = {Kenneth P. Burnham and David R. Anderson},
  isbn      = {0-387-95364-7},
  url       = {https://www.amazon.com/Model-Selection-Multimodel-Inference-Information-Theoretic/dp/0387953647?SubscriptionId=0JYN1NVW651KCA56C102&tag=techkie-20&linkCode=xm2&camp=2025&creative=165953&creativeASIN=0387953647},
}

@TechReport{Settles2010,
  author      = {Burr Settles},
  title       = {Active Learning Literature Survey},
  institution = {University of Wisconsin‚ÄìMadison},
  year        = {2010},
  url         = {http://burrsettles.com/pub/settles.activelearning.pdf},
}

@Article{Tsai2008,
  author    = {Rung-Ching Tsai and Ulf B√∂ckenholt},
  title     = {On the importance of distinguishing between within- and between-subject effects in intransitive intertemporal choice},
  journal   = {Journal of Mathematical Psychology},
  year      = {2008},
  volume    = {52},
  number    = {1},
  pages     = {10--20},
  month     = {feb},
  doi       = {10.1016/j.jmp.2007.09.004},
  publisher = {Elsevier {BV}},
}

@Conference{Cattelan2014,
  author    = {Manuela Cattelan},
  title     = {Maximum simulated likelihood estimation of Thurstonian models},
  booktitle = {21st International Conference on Computational Statistics},
  year      = {2014},
  pages     = {633--640},
  url       = {http://citeseerx.ist.psu.edu/viewdoc/download?doi=10.1.1.702.7762&rep=rep1&type=pdf#page=651},
}

@Article{Okubo2015,
  author    = {Tomoya Okubo and Shin-ichi Mayekawa},
  title     = {Modeling Viewpoint Shifts in Probabilistic Choice},
  journal   = {Psychometrika},
  year      = {2015},
  volume    = {80},
  number    = {2},
  pages     = {412--427},
  month     = {dec},
  doi       = {10.1007/s11336-013-9392-7},
  publisher = {Springer Nature},
}

@Book{Bertein2007,
  title     = {Discrete Stochastic Processes and Optimal Filtering},
  publisher = {Wiley-ISTE},
  year      = {2007},
  author    = {Jean-Claude Bertein and Roger Ceschi},
  isbn      = {978-1-905209-74-3},
  url       = {https://www.amazon.com/Discrete-Stochastic-Processes-Filtering-Processing/dp/1905209746?SubscriptionId=0JYN1NVW651KCA56C102&tag=techkie-20&linkCode=xm2&camp=2025&creative=165953&creativeASIN=1905209746},
}

@Article{Lu2014,
  author  = {Tyler Lu and Craig Boutilier},
  title   = {Effective Sampling and Learning for Mallows Models with Pairwise-Preference Data},
  journal = {Journal of Machine Learning Research},
  year    = {2014},
  volume  = {15},
  number  = {12},
  pages   = {3963--4009},
  url     = {http://www.jmlr.org/papers/volume15/lu14a/lu14a.pdf},
}

@Conference{Park2015,
  author    = {Dohyung Park and Joe Neeman and Jin Zhang and Sujay Sanghavi and Inderjit S. Dhillon},
  title     = {Preference Completion: Large-scale Collaborative Ranking from Pairwise Comparisons},
  booktitle = {International Conference on MachineLearning},
  year      = {2015},
  url       = {http://proceedings.mlr.press/v37/park15.pdf},
}

@Article{Vitelli2018,
  author  = {Valeria Vitelli and √òystein S√∏rensen and Marta Crispino and Arnoldo Frigessi and Elja Arjas},
  title   = {Probabilistic Preference Learning with the Mallows Rank Model},
  journal = {Journal of Machine Learning Research},
  year    = {2018},
  volume  = {18},
  number  = {158},
  pages   = {1--46},
  url     = {http://www.jmlr.org/papers/volume18/15-481/15-481.pdf},
}

@Conference{Xu2017,
  author    = {Yichong Xu and Hongyang Zhang and Kyle Miller and Aarti Singh and and Artur Dubrawski},
  title     = {Noise-Tolerant Interactive Learning Using Pairwise Comparisons},
  booktitle = {Conference on Neural Information Processing Systems},
  year      = {2017},
  url       = {https://papers.nips.cc/paper/6837-noise-tolerant-interactive-learning-using-pairwise-comparisons.pdf},
}

@Article{Wirth2017,
  author  = {Christian Wirth and Riad Akrour and Gerhard Neumann and Johannes F√ºrnkranz},
  title   = {A Survey of Preference-Based Reinforcement Learning Methods},
  journal = {Journal of Machine Learning Research},
  year    = {2017},
  volume  = {18},
  number  = {136},
  pages   = {1--46},
  url     = {http://www.jmlr.org/papers/volume18/16-634/16-634.pdf},
}

@Article{Shah2017,
  author    = {Nihar B. Shah and Sivaraman Balakrishnan and Adityanand Guntuboyina and Martin J. Wainwright},
  title     = {Stochastically Transitive Models for Pairwise Comparisons: Statistical and Computational Issues},
  journal   = {{IEEE} Transactions on Information Theory},
  year      = {2017},
  volume    = {63},
  number    = {2},
  pages     = {934--959},
  month     = {feb},
  doi       = {10.1109/tit.2016.2634418},
  publisher = {Institute of Electrical and Electronics Engineers ({IEEE})},
}

@Book{Oeksendal2003,
  title     = {Stochastic Differential Equations: An Introduction with Applications},
  publisher = {Springer},
  year      = {2003},
  author    = {Bernt √òksendal},
  isbn      = {978-3-540-04758-2},
  url       = {https://www.amazon.com/Stochastic-Differential-Equations-Introduction-Applications/dp/3540047581?SubscriptionId=0JYN1NVW651KCA56C102&tag=techkie-20&linkCode=xm2&camp=2025&creative=165953&creativeASIN=3540047581},
}

@Book{Adler1990,
  title     = {An Introduction to Continuity, Extrema, and Related Topics for General Gaussian Processes},
  publisher = {Institute of Mathematical Statistics},
  year      = {1990},
  author    = {Robert J. Adler},
  isbn      = {0-940600-17-X},
  url       = {https://www.amazon.com/Introduction-Continuity-Extreme-Related-Lecture/dp/094060017X?SubscriptionId=0JYN1NVW651KCA56C102&tag=techkie-20&linkCode=xm2&camp=2025&creative=165953&creativeASIN=094060017X},
}

@Book{McCleary2017,
  title     = {Design and Analysis of Time Series Experiments},
  publisher = {Oxford University Press},
  year      = {2017},
  author    = {Richard McCleary and David McDowall and Bradley Bartos},
  isbn      = {9780190661557},
  url       = {https://www.amazon.com/Design-Analysis-Experiments-Richard-McCleary/dp/0190661550?SubscriptionId=0JYN1NVW651KCA56C102&tag=techkie-20&linkCode=xm2&camp=2025&creative=165953&creativeASIN=0190661550},
}

@Book{Grunwald2007,
  title     = {The Minimum Description Length Principle},
  publisher = {The MIT Press},
  year      = {2007},
  author    = {Peter D. Grunwald},
  isbn      = {0262072815},
  url       = {https://www.amazon.com/Description-Principle-Adaptive-Computation-Learning/dp/0262072815?SubscriptionId=0JYN1NVW651KCA56C102&tag=techkie-20&linkCode=xm2&camp=2025&creative=165953&creativeASIN=0262072815},
}

@Book{Atkinson2007,
  title     = {Optimum Experimental Designs, with SAS},
  publisher = {Oxford University Press},
  year      = {2007},
  author    = {Anthony Atkinson and Alexander Donev and Randall Tobias},
  isbn      = {9780199296590},
  url       = {https://www.amazon.com/Optimum-Experimental-Designs-Statistical-Science/dp/0199296596?SubscriptionId=0JYN1NVW651KCA56C102&tag=techkie-20&linkCode=xm2&camp=2025&creative=165953&creativeASIN=0199296596},
}

@Article{Klein1995,
  author    = {Andr{\'{e}} Klein and Guy M{\'{e}}lard},
  title     = {Computation of the Fisher information matrix for time series models},
  journal   = {Journal of Computational and Applied Mathematics},
  year      = {1995},
  volume    = {64},
  number    = {1-2},
  pages     = {57--68},
  month     = {nov},
  doi       = {10.1016/0377-0427(95)00006-2},
  publisher = {Elsevier {BV}},
}

@Article{Klein2006,
  author    = {Andr{\'{e}} Klein and Peter Spreij},
  title     = {An explicit expression for the Fisher information matrix of a multiple time series process},
  journal   = {Linear Algebra and its Applications},
  year      = {2006},
  volume    = {417},
  number    = {1},
  pages     = {140--149},
  month     = {aug},
  doi       = {10.1016/j.laa.2005.04.024},
  publisher = {Elsevier {BV}},
}

@Article{Klein1996,
  author    = {Andr{\'{e}} Klein and Peter Spreij},
  title     = {On Fisher's information matrix of an {ARMAX} process and Sylvester's resultant matrices},
  journal   = {Linear Algebra and its Applications},
  year      = {1996},
  volume    = {237-238},
  pages     = {579--590},
  month     = {apr},
  doi       = {10.1016/0024-3795(95)00552-8},
  publisher = {Elsevier {BV}},
}

@Article{Klein2014,
  author    = {Andr{\'{e}} Klein and Guy M{\'{e}}lard},
  title     = {An algorithm for the exact Fisher information matrix of vector {ARMAX} time series},
  journal   = {Linear Algebra and its Applications},
  year      = {2014},
  volume    = {446},
  pages     = {1--24},
  month     = {apr},
  doi       = {10.1016/j.laa.2013.12.031},
  publisher = {Elsevier {BV}},
}

@Conference{Mukkula2016,
  author    = {Anwesh Reddy Gottu Mukkula and Radoslav Paulen},
  title     = {Optimal design of dynamic experiments for guaranteed parameter estimation},
  booktitle = {American Control Conference ({ACC})},
  year      = {2016},
  month     = {jul},
  publisher = {{IEEE}},
  doi       = {10.1109/acc.2016.7525184},
}

@PhdThesis{Payne1974,
  author = {Robert Luxmore Payne},
  title  = {Optimal Experiment Design for Dynamic System Identification},
  school = {University of London},
  year   = {1974},
  url    = {https://spiral.imperial.ac.uk:8443/bitstream/10044/1/20829/2/Payne-RL-1974-PhD-Thesis.pdf},
}

@Article{Balsa-Canto2008,
  author    = {E Balsa-Canto and A. A. Alonso and J. R. Banga},
  title     = {Computing optimal dynamic experiments for model calibration in predictive microbiology},
  journal   = {Journal of Food Process Engineering},
  year      = {2008},
  volume    = {31},
  number    = {2},
  pages     = {186--206},
  month     = {apr},
  doi       = {10.1111/j.1745-4530.2007.00147.x},
  publisher = {Wiley},
}

@Article{Luna2018,
  author    = {Martin F. Luna and Ernesto C. Mart{\'{\i}}nez},
  title     = {Optimal design of dynamic experiments in the development of cybernetic models for bioreactors},
  journal   = {Chemical Engineering Research and Design},
  year      = {2018},
  volume    = {136},
  pages     = {334--346},
  month     = {aug},
  doi       = {10.1016/j.cherd.2018.05.036},
  publisher = {Elsevier {BV}},
}

@Article{Balsa-Canto2007,
  author    = {Eva Balsa-Canto and Maria Rodriguez-Fernandez and Julio R. Banga},
  title     = {Optimal design of dynamic experiments for improved estimation of kinetic parameters of thermal degradation},
  journal   = {Journal of Food Engineering},
  year      = {2007},
  volume    = {82},
  number    = {2},
  pages     = {178--188},
  month     = {sep},
  doi       = {10.1016/j.jfoodeng.2007.02.006},
  publisher = {Elsevier {BV}},
}

@PhdThesis{Zarrop1977,
  author = {Martin B Zarrop},
  title  = {Optimal Experiment Design for Dynamic System Identification},
  school = {University of London},
  year   = {1977},
  url    = {https://spiral.imperial.ac.uk:8443/bitstream/10044/1/8712/1/M_B_Zarrop-1977-PhD-Thesis.pdf},
}

@Article{Espie1989,
  author    = {D. Espie and S. Macchietto},
  title     = {The optimal design of dynamic experiments},
  journal   = {{AIChE} Journal},
  year      = {1989},
  volume    = {35},
  number    = {2},
  pages     = {223--229},
  month     = {feb},
  doi       = {10.1002/aic.690350206},
  publisher = {Wiley},
}

@Article{Eubank1982,
  author    = {R. L. Eubank and P. L. Smith and P. W. Smith},
  title     = {A Note on Optimal and Asymptotically Optimal Designs for Certain Time Series Models},
  journal   = {The Annals of Statistics},
  year      = {1982},
  volume    = {10},
  number    = {4},
  pages     = {1295--1301},
  month     = {dec},
  doi       = {10.1214/aos/1176345995},
  publisher = {Institute of Mathematical Statistics},
}

@PhdThesis{Lacko2014,
  author = {Vladim√≠r Lacko},
  title  = {Design of Experiments in Stochastic Dynamics},
  school = {Comenius University in Bratislava},
  year   = {2014},
  url    = {http://www.iam.fmph.uniba.sk/studium/efm/phd/lacko/dizertacia.pdf},
}

@Article{Ye2015,
  author    = {Jane J. Ye and Julie Zhou and Wenjie Zhou},
  title     = {Computing A-optimal and E-optimal designs for regression models via semidefinite programming},
  journal   = {Communications in Statistics - Simulation and Computation},
  year      = {2015},
  volume    = {46},
  number    = {3},
  pages     = {2011--2024},
  month     = {may},
  doi       = {10.1080/03610918.2015.1030414},
  publisher = {Informa {UK} Limited},
}

@InCollection{Gevers2007,
  author    = {Michel Gevers and Alexandre Sanfelice Bazanella and Ljubi{\v{s}}a Mi{\v{s}}kovi{\'{c}}},
  title     = {Identifiability and Informative Experiments in Open and Closed-Loop Identification},
  booktitle = {Modeling, Estimation and Control},
  publisher = {Springer Berlin Heidelberg},
  year      = {2007},
  pages     = {151--170},
  doi       = {10.1007/978-3-540-73570-0_13},
}

@Article{Goodwin1971,
  author    = {G. C. Goodwin},
  title     = {Optimal input signals for nonlinear-system identification},
  journal   = {Proceedings of the Institution of Electrical Engineers},
  year      = {1971},
  volume    = {118},
  number    = {7},
  pages     = {922},
  doi       = {10.1049/piee.1971.0183},
  publisher = {Institution of Engineering and Technology ({IET})},
}

@Article{Fang2012,
  author    = {Ke Fang and Tom Shenton},
  title     = {Optimal Input Design for Dynamic Model Prediction Accuracy},
  journal   = {{IFAC} Proceedings Volumes},
  year      = {2012},
  volume    = {45},
  number    = {25},
  pages     = {118--122},
  doi       = {10.3182/20120913-4-it-4027.00034},
  publisher = {Elsevier {BV}},
}

@Article{Kalaba1977,
  author    = {R. E. Kalaba and K. Spingarn},
  title     = {Optimal input system identification for nonlinear dynamic systems},
  journal   = {Journal of Optimization Theory and Applications},
  year      = {1977},
  volume    = {21},
  number    = {1},
  pages     = {91--102},
  month     = {jan},
  doi       = {10.1007/bf00932547},
  publisher = {Springer Nature},
}

@Article{Mehra1974,
  author    = {R. Mehra},
  title     = {Optimal input signals for parameter estimation in dynamic systems--Survey and new results},
  journal   = {{IEEE} Transactions on Automatic Control},
  year      = {1974},
  volume    = {19},
  number    = {6},
  pages     = {753--768},
  month     = {dec},
  doi       = {10.1109/tac.1974.1100701},
  publisher = {Institute of Electrical and Electronics Engineers ({IEEE})},
}

@Article{Fujimoto2018,
  author    = {Yusuke Fujimoto and Toshiharu Sugie},
  title     = {Informative input design for Kernel-Based system identification},
  journal   = {Automatica},
  year      = {2018},
  volume    = {89},
  pages     = {37--43},
  month     = {mar},
  doi       = {10.1016/j.automatica.2017.11.019},
  publisher = {Elsevier {BV}},
}

@Article{Peterka1981,
  author    = {V. Peterka},
  title     = {Bayesian system identification},
  journal   = {Automatica},
  year      = {1981},
  volume    = {17},
  number    = {1},
  pages     = {41--53},
  month     = {jan},
  doi       = {10.1016/0005-1098(81)90083-2},
  publisher = {Elsevier {BV}},
}

@Article{Fang2010,
  author    = {K. Fang and A.T. Shenton},
  title     = {Optimal Input Design for Dynamic Engine Mapping},
  journal   = {{IFAC} Proceedings Volumes},
  year      = {2010},
  volume    = {43},
  number    = {7},
  pages     = {691--696},
  month     = {jul},
  doi       = {10.3182/20100712-3-de-2013.00078},
  publisher = {Elsevier {BV}},
}

@Book{Pukelsheim1993,
  title     = {Optimal Design of Experiments},
  publisher = {Society for Industrial and Applied Mathematic},
  year      = {1993},
  author    = {Friedrich Pukelsheim},
  isbn      = {978-0-89871-604-7},
  url       = {https://www.amazon.com/Optimal-Experiments-Classics-Applied-Mathematics/dp/0898716047?SubscriptionId=0JYN1NVW651KCA56C102&tag=techkie-20&linkCode=xm2&camp=2025&creative=165953&creativeASIN=0898716047},
}

@Book{Silvey1975,
  title     = {Statistical Inference},
  publisher = {Chapman and Hall/CRC},
  year      = {1975},
  author    = {S. D. Silvey},
  isbn      = {0412138204},
  url       = {https://www.amazon.com/Statistical-Inference-Monographs-Statistics-Probability/dp/0412138204?SubscriptionId=0JYN1NVW651KCA56C102&tag=techkie-20&linkCode=xm2&camp=2025&creative=165953&creativeASIN=0412138204},
}

@Book{Kallenberg1997,
  title     = {Foundations of Modern Probability},
  publisher = {Springer},
  year      = {1997},
  author    = {Olav Kallenberg},
  isbn      = {978-0-387-94957-4},
  url       = {https://www.amazon.com/Foundations-Modern-Probability-Its-Applications/dp/0387949577?SubscriptionId=0JYN1NVW651KCA56C102&tag=techkie-20&linkCode=xm2&camp=2025&creative=165953&creativeASIN=0387949577},
}

@Article{Ljung2011,
  author    = {Lennart Ljung and H{\aa}kan Hjalmarsson and Henrik Ohlsson},
  title     = {Four Encounters with System Identification},
  journal   = {European Journal of Control},
  year      = {2011},
  volume    = {17},
  number    = {5-6},
  pages     = {449--471},
  month     = {jan},
  doi       = {10.3166/ejc.17.449-471},
  publisher = {Elsevier {BV}},
}

@Book{Bapat2012,
  title     = {Linear Algebra and Linear Models},
  publisher = {Springer},
  year      = {2012},
  author    = {Ravindra B. Bapat},
  isbn      = {978-1-4471-2738-3},
  url       = {https://www.amazon.com/Linear-Algebra-Models-Universitext/dp/1447127382?SubscriptionId=0JYN1NVW651KCA56C102&tag=techkie-20&linkCode=xm2&camp=2025&creative=165953&creativeASIN=1447127382},
}

@Book{Gentle2007,
  title     = {Matrix Algebra: Theory, Computations, and Applications in Statistics},
  publisher = {Springer},
  year      = {2007},
  author    = {James E. Gentle},
  isbn      = {978-0-387-70872-0},
  url       = {https://www.amazon.com/Matrix-Algebra-Computations-Applications-Statistics/dp/0387708723?SubscriptionId=0JYN1NVW651KCA56C102&tag=techkie-20&linkCode=xm2&camp=2025&creative=165953&creativeASIN=0387708723},
}

@Comment{jabref-meta: databaseType:bibtex;}
